4374 6216
226 261 262 316 m
665 265 714 322 nn
730 261 992 324 ntsnntconnn
1014 263 1281 327 innuunt-:sont
1301 285 1363 326 nec.
1770 250 1807 328 'tt

145 445 158 496 l
178 399 332 503 Petet-nem
351 440 521 508 societatem,
536 443 607 498 inter
619 456 739 516 parentes
756 457 781 498 et
800 445 899 498 liberos
918 461 991 508 esso,

179 533 309 590 neminem
331 525 412 597 lngitg
433 548 445 581 a
465 529 626 598 politicarum
646 529 797 581 lectoribus
816 529 990 592 «tesceibitue,

178 616 248 688 quoti
267 615 336 666 inter
355 623 475 680 perentes
492 622 519 664 et
536 610 647 675 liberos,
661 613 762 664 mutuis
778 608 879 664 ciliciis
897 609 993 664 delini-

175 711 200 753 ta
218 697 270 763 sit,
286 696 316 746 etl
336 693 456 748 facitne
473 696 613 748 utilitatem
634 706 660 746 et
678 697 785 748 civilem
813 697 992 762 honestatem,

141 771 159 822 ²
175 783 289 854 imperio
301 783 387 851 petris
401 778 527 832 tliaiuitus
540 782 677 832 instructa.
695 779 773 831 Circa
784 779 992 848 descriptionem

173 867 240 920 haur
257 881 309 917 nou
328 861 451 914 aeesnbor
470 860 543 920 inse.
563 877 595 912 ex
614 861 736 930 genuinis
759 862 830 912 enim
851 861 992 930 principiis

141 950 338 1002 huiscernetur
357 943 444 996 licite.
464 944 548 994 lnitio
573 945 665 996 saltent
690 943 860 996 tuntlameute
885 944 990 1015 imperii

173 1031 294 1104 paterni,
312 1029 342 1080 in
359 1027 457 1097 quibus
475 1027 669 1080 constituentia
683 1028 795 1079 multum
807 1028 934 1092 serietur,
950 1031 991 1082 in·

140 1117 279 1188 lquirere
295 1129 391 1182 operee
410 1111 525 1182 pretium
545 1110 621 1163 duco.
637 1110 697 1164 Non
721 1113 795 1180 penei
814 1113 870 1176 ejus
887 1129 991 1165 causant

172 1197 369 1268 generationem
390 1196 473 1265 ipsum
500 1205 616 1264 ponunt,
637 1208 664 1248 et
688 1193 751 1246 inde
778 1194 805 1246 nt
824 1197 930 1266 utrique
947 1215 991 1266 pa·

171 1284 255 1352 renti,
276 1283 345 1352 putei
373 1291 400 1332 et
420 1282 498 1332 matri
526 1281 662 1344 tribuuntg
681 1281 785 1350 quando
812 1291 864 1332 tam
884 1293 992 1350 uterque

138 1367 155 1419 ll
171 1375 357 1427 concurreret,
376 1363 445 1414 banc
463 1365 558 1416 cedere
575 1364 617 1414 illi
635 1365 734 1418 dehere
757 1375 898 1418 autumant,
918 1365 992 1419 lotor

171 1449 218 1502 tm
237 1449 392 1516 potissimas
413 1455 499 1515 pectes
516 1447 584 1515 gerit
602 1448 643 1499 tie
667 1446 756 1516 menni
780 1449 897 1501 nominis
915 1451 992 1519 lingo

171 1533 281 1586 Grotius
308 1531 354 1584 tit.
380 1530 407 1580 ἱ.
429 1529 461 1584 de
482 1530 546 1597 inre
574 1529 601 1582 b·
625 1541 651 1583 et
675 1549 704 1598 p·
723 1548 747 1584 c.
766 1531 791 1582 il.
810 1549 838 1583 n.
858 1534 884 1582 1.
903 1536 991 1600 etqui

169 1633 228 1670 enm
247 1625 354 1668 secutus
373 1631 431 1667 csse
448 1615 550 1668 aitletur
563 1616 648 1667 setino
659 1615 778 1668 entilitus
791 1629 813 1667 et
828 1615 918 1668 luctus
930 1618 992 1669 ioh.

138 1692 256 1754 ⁰licor.
275 1699 369 1753 Boecl.
394 1697 424 1751 in
443 1698 507 1750 inst.
531 1699 588 1750 ruis
605 1699 683 1763 pulit.
708 1698 754 1752 tit.
777 1703 802 1750 l.
821 1717 845 1752 o.
866 1703 891 1751 il.
908 1721 937 1770 p.
956 1719 991 1752 m.

139 1780 216 1837 ilb.
239 1799 309 1839 nere.
333 1793 372 1834 est
390 1783 464 1834 enim
482 1782 652 1850 perentibus.
674 1784 726 1834 hlii
752 1785 787 1834 ob
813 1787 990 1852 generationis

173 1867 334 1932 laenitatem,
345 1883 423 1936 quem
443 1866 613 1934 potissimum
634 1866 714 1918 matri
729 1868 899 1930 stlsmibunt,
914 1869 990 1922 matri

173 1951 317 2021 imperium
336 1949 464 2018 originale
480 1949 510 2000 in
528 1948 643 2014 liberos,
659 1949 727 2018 patei
747 1967 798 2002 non
819 1952 873 2004 cisi
891 1951 992 2004 ‹lerien-

138 2031 224 2086 8tuu
254 2033 388 2085 tribuunt.
413 2031 515 2080 lloruun
535 2047 587 2082 oon
612 2044 773 2100 postremum
802 2033 877 2086 rideo
895 2035 990 2088 Titum.

138 2115 278 2170 lhobbes
298 2115 332 2170 de
348 2112 409 2166 ciue
426 2129 450 2164 c.
468 2112 495 2162 ll.
514 2121 570 2164 ant.
589 2113 615 2164 ³.
632 2123 658 2164 et
675 2123 729 2168 ort.
748 2115 774 2164 7.
793 2117 892 2166 ilerum
911 2117 988 2171 ratio·

169 2221 214 2258 nes
223 2201 349 2274 opinioni
364 2201 492 2264 istorum,
506 2199 577 2252 salvo
591 2197 685 2250 melius
698 2199 868 2254 sentientium
882 2203 990 2269 judicio,

119 2289 154 2344 tt
170 2285 296 2343 sulficere
320 2305 374 2342 oon
393 2287 524 2340 videntur.
543 2285 678 2354 Quantum
698 2289 770 2338 enim
789 2288 821 2338 al
840 2286 930 2342 Grotii
950 2306 988 2342 ar-

170 2385 314 2446 gumente,
334 2376 362 2424 in
383 2372 521 2424 hominum
539 2385 636 2438 genere
654 2388 706 2422 uon
725 2368 829 2424 hemam
849 2374 912 2424 satis
930 2391 990 2425 cott-

171 2458 338 2530 sequentinm
360 2457 441 2527 parit:
459 2473 535 2507 cnusa
554 2456 583 2506 in
601 2453 723 2506 ellectum
743 2457 884 2524 imperinm
905 2457 991 2509 hehet.

171 2543 252 2594 liaud
270 2543 347 2594 euim
368 2543 414 2593 bec
430 2539 557 2592 t‘acnltsb¹
583 2538 678 2602 homo,
697 2557 746 2606 que
765 2541 852 2590 anime
871 2540 991 2592 retionsli

171 2629 311 2700 praeditus
329 2638 386 2690 est,
404 2625 514 2694 geuelet,
534 2625 579 2678 setl
597 2625 632 2677 ub
655 2623 804 2676 fucultatem
823 2624 927 2677 enimae
945 2643 990 2678 re·

173 2715 324 2783 estatinae,
342 2729 406 2780 quae
424 2725 456 2762 ex
474 2727 502 2762 se
519 2727 569 2760 nee
594 2709 732 2771 conuertit,
750 2722 798 2758 nee
820 2709 892 2776 cepit
911 2709 991 2777 impe·

125 2786 153 2836 Η
171 2799 248 2853 einen.
267 2795 329 2849 Nec
347 2795 418 2848 uirili
439 2793 539 2845 ratione
557 2793 693 2862 procedit,
711 2792 780 2860 qnocl
798 2793 932 2858 generatio
950 2809 990 2862 pe·

172 2882 224 2933 riat
249 2880 335 2933 simul
359 2877 517 2946 imperium
537 2877 576 2928 sio
599 2877 672 2928 enim
696 2891 787 2928 sersus
810 2886 834 2926 et
851 2875 944 2926 ancilla
964 2874 991 2926 io

123 2955 154 3008 Η
168 2976 260 3036 peetus
283 2982 315 3016 eo
333 2965 486 3032 gauderent,
503 2962 574 3030 qnotl
596 2971 681 3012 tamen
700 2959 735 3011 iis
752 2957 903 3026 denegatur.
923 2958 993 3014 Hub-

172 3048 240 3102 besii
259 3065 326 3102 vero
345 3047 428 3109 estio,
441 3045 509 3114 quoti
530 3055 615 3096 mater
630 3043 665 3095 etl
683 3043 873 3096 ettoemanuum
893 3057 991 3112 paetum

172 3136 230 3206 plns
247 3133 369 3190 conlerat
388 3142 480 3202 patre,
499 3132 569 3183 inter
594 3128 718 3199 physicos
736 3128 823 3182 adhuc
840 3127 918 3180 dubia
938 3139 991 3193 cst,

169 3237 288 3290 quornm
317 3235 370 3273 noo
389 3217 501 3270 minim
526 3231 587 3287 pars
605 3213 677 3282 patri
702 3228 745 3266 eas
763 3223 850 3283 pentes
866 3213 990 3268 connectit.

168 3303 333 3358 Neutrorum
357 3313 444 3356 tamen
462 3299 575 3354 rationes
592 3295 754 3364 investigare
774 3295 817 3348 hic
843 3306 931 3348 nostra
952 3314 989 3350 re·

125 3381 157 3434 ¹3
173 3389 228 3443 lert.
245 3388 281 3442 Et
298 3387 367 3440 licet
384 3385 463 3438 matri
480 3381 640 3436 deberentur
661 3380 763 3449 primur
780 3378 841 3430 illue
863 3379 896 3430 etl
918 3377 992 3430 effor-

170 3471 291 3526 naointa
312 3481 431 3538 parturn,
444 3465 477 3520 ad
490 3466 630 3537 imperium
651 3474 738 3522 tamen
758 3463 786 3514 in
805 3461 915 3529 liberos,
930 3479 991 3533 pro-

126 3556 156 3608 ll
173 3567 230 3626 pter
242 3553 325 3608 Paulo
336 3563 395 3604 ante
406 3550 534 3616 deducte,
545 3566 598 3602 nou
617 3543 781 3600 sullirerent.
794 3543 890 3598 Verius
903 3547 990 3616 itaque

174 3640 305 3704 ethinci,
327 3637 469 3706 imperium
488 3635 537 3687 hoe
556 3632 624 3704 petri
644 3650 658 3684 a
676 3631 733 3684 Deo
747 3629 826 3684 sitnul
844 3629 872 3682 in
891 3629 989 3684 liberos

174 3723 261 3776 elatum
272 3738 348 3784 esse,
361 3735 421 3773 rum
439 3719 627 3772 concederetur
638 3715 665 3768 in
679 3714 793 3785 primam
806 3715 926 3768 omnium
940 3715 987 3768 ho·

126 3807 157 3858 lb
174 3807 273 3858 minum
304 3812 417 3858 metrum
440 3803 537 3865 limini
557 3801 636 3855 lubet
659 3800 759 3870 quippe
777 3801 920 3868 imperinm
938 3800 988 3852 hoo

172 3905 231 3942 eum
248 3888 363 3942 caeteris
380 3885 506 3940 omnibus
523 3886 552 3940 tt
576 3903 732 3948 commune,
750 3896 779 3938 nt
803 3887 930 3954 quicquid
955 3902 988 3938 ex

173 3991 203 4028 en
218 3975 358 4044 gentium,
374 3971 443 4041 quod
462 3971 578 4038 imperio
597 3971 698 4032 subest,
719 3985 772 4022 non
793 3968 910 4020 melioris
928 3987 989 4024 con·

128 4060 159 4110 lb
174 4057 287 4109 elitionis
308 4054 356 4107 illo
374 4069 430 4106 esse
448 4055 545 4116 vilent.
564 4063 591 4105 et
609 4053 672 4106 intle
691 4053 769 4106 liberi
788 4069 820 4106 eo
838 4049 987 4121 significatu

172 4150 315 4210 sequantur
339 4137 520 4192 conditionem
540 4139 644 4201 mettim
661 4137 724 4206 quie
749 4138 890 4206 imperium
911 4155 987 4210 supra

172 4224 200 4278 io
217 4241 328 4276 uxorem
347 4233 500 4292 competere
517 4233 647 4276 assertum
675 4221 746 4287 luit,
765 4223 823 4276 ideo
841 4241 942 4293 quoqne
958 4227 989 4278 li.

125 4305 227 4364 t'lceee
252 4311 282 4362 in
312 4307 423 4370 liberos,
442 4317 560 4373 negutum
585 4306 625 4360 ire
652 4323 704 4360 non
729 4323 875 4376 possumus.
895 4309 940 4360 Sic
958 4309 985 4364 iu

174 4395 248 4448 ritem
267 4403 295 4446 et
310 4389 427 4444 lortuuas
438 4389 602 4455 liberorum,
614 4397 706 4443 netum
721 4391 807 4460 patri,
821 4407 868 4459 pro
888 4409 916 4442 ce
928 4401 986 4446 nete

170 4493 336 4549 conpetere,
362 4485 456 4546 sponte
480 4489 512 4526 en
538 4473 618 4526 «lictis
642 4485 668 4526 ct
695 4471 811 4527 familiae
836 4477 893 4543 inre
909 4475 985 4528 lluitz

125 4558 156 4609 ¹8
171 4565 235 4633 quotl
253 4561 401 4630 imperinm
421 4567 508 4612 temen
519 4559 604 4628 pietas
623 4559 725 4626 [interni
745 4559 865 4612 nominis
885 4569 986 4630 tempe·

171 4649 252 4712 nbtt,
271 4657 299 4698 et
318 4663 366 4714 pro
383 4642 477 4698 liberis
496 4643 579 4711 captet
597 4644 754 4705 consitium,
776 4661 835 4712 urg.
860 4641 879 4693 1.
898 4645 941 4696 22.
962 4653 982 4708 ς.

127 4733 156 4784 tt
172 4731 214 4784 ult.
224 4728 265 4799 ffi
288 4729 326 4782 nd
350 4729 367 4782 l.
382 4728 435 4798 jot.
452 4728 486 4780 de
508 4727 584 4782 adun
621 4728 666 4779 lile
685 4743 739 4780 non
766 4725 835 4795 fugit
858 4727 984 4795 quidem,

170 4815 345 4868 iustinianum
372 4813 559 4882 impet-ntorum
585 4811 613 4864 io
632 4813 716 4864 tirstt't.
739 4809 797 4864 ruti
815 4813 857 4878 jus
876 4812 925 4864 hoc
944 4831 986 4882 pe·

172 4900 236 4950 triae
253 4896 391 4968 potestatis
414 4895 467 4963 iuri
492 4911 601 4950 romano
625 4895 750 4948 tribuisse
775 4901 798 4958 ς.
817 4897 843 4948 2.
866 4895 983 4950 inentia

169 4993 235 5052 petr.
252 4991 351 5049 puteat.
369 4983 446 5038 verb.
465 4980 537 5034 nulli
551 4979 624 5032 enim
642 4977 694 5032 olii
708 4991 771 5034 sunt
790 4979 927 5046 kenuines,
939 4982 986 5050 qni

170 5066 247 5117 talem
266 5068 298 5120 in
314 5064 413 5118 liberos
430 5065 530 5119 tatem
545 5073 722 5135 potestatem,
740 5065 847 5132 qualem
866 5083 917 5119 etos
934 5067 983 5120 lto·

123 5145 156 5198 tt
171 5147 266 5204 hinne.
285 5149 339 5204 set
359 5149 423 5202 haee
439 5150 567 5212 assertio,
581 5149 622 5202 rel
639 5144 749 5216 figurem
768 5146 861 5212 hahet,
876 5152 914 5201 ecl
927 5150 981 5202 cir·

1041 375 1103 416 seut.
1121 365 1147 416 2.
1166 385 1192 418 n.
1205 367 1230 417 8.
1243 365 1274 418 ln
1293 363 1425 435 republica
1445 363 1620 418 israelitarum
1639 381 1680 418 res
1698 364 1856 420 centulu-
1878 363 1913 420 2³
1989 417 1993 423 .

1043 449 1096 512 hio,
1107 451 1144 502 sic
1162 450 1289 503 hhrshatn
1300 451 1465 518 inrepetriae
1473 451 1608 515 potestatis
1619 449 1756 502 lsmeeleen
1770 452 1858 517 ejecit,

1043 533 1196 600 cereptum·
1211 534 1312 600 priceto
1326 534 1441 600 irnperio
1454 528 1617 592 finamntve
1628 531 1659 583 atl
1673 543 1798 594 morteto,
1806 532 1862 586 sire
1879 529 1915 582 il

1042 613 1075 662 at
1094 627 1244 684 perpetuam
1266 617 1446 684 uirginitatem
1465 614 1608 666 dentnncit.
1631 631 1655 666 c.
1680 615 1861 684 unusqusique

1042 713 1108 750 vere.
1120 700 1277 755 enisernbilis
1287 717 1317 751 u.
1336 697 1378 750 22.
1397 719 1422 768 q.
1437 699 1463 748 l.
1475 698 1507 748 Et
1527 699 1589 750 ltcet
1601 699 1623 750 T
1624 695 1780 750 rihonianns
1791 697 1862 750 erbi-
1879 698 1915 752 28

1042 790 1124 834 tenus
1142 795 1207 836 esset
1218 819 1226 847 ‚
1237 784 1305 834 neith
1320 783 1477 852 populorum
1497 781 1542 833 alii
1555 783 1597 849 jus
1609 783 1678 834 eitse
1694 790 1722 830 ot
1737 782 1810 832 oecis
1827 779 1863 832 li·

1041 861 1100 918 c'ere
1119 869 1146 918 in
1165 867 1278 932 liberos,
1296 883 1373 934 quan
1394 866 1535 926 bertranis,
1555 881 1603 917 nos
1624 873 1711 916 tamen
1730 862 1801 914 item
1820 881 1859 916 as·

1041 967 1128 1006 serere
1146 953 1219 1004 nulle
1239 953 1310 1018 cogit
1330 951 1480 1002 necessitas.
1499 949 1557 998 hlia
1574 949 1647 1002 enim
1675 947 1802 1016 religione
1819 963 1849 1000 ro
1880 949 1916 1004 bb

1040 1035 1119 1088 limus
1138 1038 1221 1106 leges,
1233 1039 1284 1088 elia
1299 1035 1525 1102 ineispcutlentiae
1542 1029 1734 1096 definitiones,
1750 1040 1778 1084 et
1791 1029 1861 1100 peit-

1042 1126 1199 1189 enptuaem,
1223 1121 1252 1172 ia
1274 1119 1372 1188 quibus
1398 1116 1531 1168 traletatlis
1550 1132 1602 1168 noo
1628 1131 1720 1168 omnes
1743 1121 1860 1168 veterum

1042 1204 1156 1258 litorum
1178 1202 1285 1256 luerunt
1306 1201 1439 1266 accurati,
1457 1211 1482 1252 et
1502 1201 1539 1252 sic
1559 1200 1725 1268 reliquerunt
1743 1197 1861 1268 aliquit,
1879 1199 1916 1252 Ἠ

1041 1288 1109 1356 φιοι]
1137 1303 1227 1340 nostra
1253 1289 1334 1340 etiem
1365 1299 1435 1339 aetus
1463 1285 1583 1338 limatius
1613 1279 1753 1336 efformere
1783 1281 1859 1334 ualet.

1042 1370 1154 1440 Quuntlo
1172 1383 1257 1423 entem
1272 1371 1341 1439 patri
1361 1371 1502 1438 impet-ium
1524 1369 1552 1420 in
1571 1367 1669 1419 liberos
1685 1376 1713 1418 et
1732 1363 1861 1418 familiam
1880 1378 1916 1432 π

1043 1455 1172 1507 tlieiuitns
1191 1463 1218 1508 et
1236 1465 1330 1508 nature
1351 1455 1481 1506 tributum
1504 1450 1623 1514 asserui,
1641 1448 1709 1502 hanel
1737 1449 1815 1502 metri
1834 1467 1861 1502 o·

1043 1555 1131 1589 aunem
1151 1549 1297 1608 potestatem
1316 1537 1534 1606 negntemnolui:
1549 1551 1609 1588 nam
1630 1545 1653 1586 et
1674 1531 1783 1584 istisne
1803 1547 1862 1602 erge

1043 1623 1140 1675 liberos
1157 1615 1336 1686 cilicinum,
1350 1635 1379 1673 ut
1397 1623 1446 1672 alat
1468 1637 1565 1688 nempe
1585 1617 1631 1687 pro
1645 1632 1674 1670 ee
1689 1627 1748 1667 nata
1762 1626 1786 1668 et
1800 1615 1863 1668 edu·

1043 1719 1092 1759 cet.
1112 1707 1142 1761 lit
1161 1709 1276 1775 imperio
1294 1706 1358 1758 intle
1376 1705 1468 1773 gaudet
1488 1705 1625 1772 precario.
1637 1713 1665 1755 et
1684 1720 1698 1754 a
1718 1701 1860 1752 meritone
1879 1703 1914 1758 20

1043 1790 1233 1860 patrefamilies
1253 1791 1365 1842 induite.
1384 1789 1443 1842 lob.
1462 1789 1536 1840 Fcitl.
1554 1789 1640 1838 Iluro.
1667 1787 1696 1836 in
1723 1783 1860 1838 ambirent.

1041 1875 1087 1926 lii.
1104 1875 1201 1928 nnn.
1216 1893 1244 1927 n.
1264 1876 1290 1926 2.
1307 1871 1404 1941 infin.
1419 1873 1471 1924 sen
1491 1879 1517 1922 ut
1538 1871 1570 1922 etl
1590 1885 1645 1922 rena
1664 1867 1782 1920 aecetlsm
1802 1885 1860 1936 pro·
1879 1871 1913 1921 30

1042 1961 1116 2027 pius,
1135 1959 1243 2012 omissis
1262 1975 1327 2028 quer
1346 1957 1429 2008 atiena
1449 1953 1532 2008 rideri
1545 1963 1665 2023 possentg
1679 1953 1746 2004 sicut
1764 1968 1858 2020 peren·
1878 1957 1913 2010 31

1043 2047 1113 2096 tibus
1133 2045 1204 2097 Dens
1225 2044 1366 2112 imperinm
1378 2041 1523 2100 concessit,
1537 2040 1577 2090 sie
1594 2037 1683 2090 elentli
1702 2046 1729 2088 et
1747 2036 1859 2088 educan-

1041 2129 1068 2179 ‹li
1088 2145 1179 2180 curam
1200 2128 1235 2178 iis
1253 2126 1381 2194 imposuit
1394 2123 1472 2176 timul
1482 2159 1491 2186 ,
1504 2123 1544 2173 cui
1561 2123 1584 2174 si
1604 2121 1758 2174 misecordis
1770 2120 1859 2183 ducti,

1041 2213 1163 2264 decenter
1181 2225 1235 2263 nou
1255 2209 1414 2277 invigilent,
1442 2207 1640 2275 intempestiue
1664 2205 1861 2258 misericordior

1038 2305 1114 2346 notas
1133 2295 1282 2346 incurrunt.
1301 2291 1452 2344 Censorino
1473 2307 1560 2345 rocem
1587 2289 1684 2342 alieubi
1706 2291 1781 2340 telem
1801 2303 1860 2358 pro·
1881 2297 1917 2348 32

1041 2379 1154 2433 lecehant
1180 2377 1308 2429 llomeni:
1335 2385 1437 2430 notura
1455 2374 1524 2430 sicut
1549 2373 1693 2438 noscendi,
1716 2372 1754 2424 itu
1779 2373 1859 2424 etiam

1038 2463 1169 2532 gignendi
1184 2464 1268 2532 legens
1286 2462 1389 2515 scribit:
1401 2473 1579 2530 parentesque
1585 2458 1668 2528 filios
1686 2459 1802 2524 nlenn'o,
1816 2477 1861 2512 ne·

1039 2558 1132 2612 potiens
1151 2547 1359 2600 nutriendorum
1379 2547 1468 2598 debito
1480 2545 1524 2614 (ri
1539 2545 1597 2614 quis
1616 2540 1797 2611 cupierint.)
1817 2541 1858 2596 nl·

1041 2627 1196 2697 lignuenunt.
1214 2629 1262 2681 Cui
1278 2631 1445 2684 Justinienus
1458 2632 1553 2696 imper.
1566 2625 1739 2694 suffragetur,
1754 2627 1771 2676 l.
1785 2624 1858 2680 unic.
1877 2621 1913 2674 33

1042 2717 1063 2771 ς.
1082 2713 1107 2762 li.
1126 2729 1194 2764 cers.
1211 2712 1297 2763 silent.
1317 2729 1341 2764 c.
1362 2713 1394 2764 tle
1412 2712 1453 2763 rei
1469 2727 1551 2764 uror.
1570 2721 1624 2763 oct.
1643 2722 1669 2763 et
1687 2711 1706 2762 l.
1724 2711 1771 2762 ult.
1789 2705 1812 2779 5
1833 2710 1859 2762 5.

1040 2811 1063 2846 e.
1081 2794 1116 2846 de
1135 2793 1212 2848 lonis
1235 2813 1304 2863 pune
1320 2797 1412 2850 liberis
1435 2806 1485 2848 etc.
1505 2796 1602 2847 liberos
1628 2795 1702 2850 clere
1717 2793 1794 2865 petri
1811 2811 1861 2845 ne·

1041 2895 1112 2932 cesse
1128 2889 1182 2941 est,
1200 2897 1255 2931 noc
1271 2889 1381 2949 propter
1404 2879 1597 2942 haereditates,
1616 2879 1664 2933 sed
1682 2887 1793 2948 propter
1810 2894 1859 2929 nn-

1042 2975 1128 3019 tnrnm
1148 2975 1173 3018 et
1190 2965 1275 3030 leges,
1294 2983 1362 3034 ptine
1381 2965 1574 3031 aparentibus
1592 2963 1704 3016 ciendos
1723 2978 1777 3014 esre
1793 2963 1856 3016 tite

1042 3067 1086 3102 ms
1111 3049 1322 3115 imperaverunt.
1344 3047 1444 3102 Natura
1470 3049 1527 3118 ipsa
1553 3048 1646 3100 liberis
1672 3047 1808 3098 nascentiis
1826 3048 1854 3098 in
1874 3045 1909 3098 bl

1041 3142 1116 3185 utero
1134 3133 1219 3184 edhuc
1236 3131 1426 3196 existentibue,
1440 3131 1581 3186 destinuit
1600 3134 1639 3183 leo
1657 3132 1685 3182 in
1704 3131 1859 3186 mammillis

1042 3225 1176 3278 matrum,
1194 3225 1221 3266 et
1238 3216 1272 3266 atl
1292 3214 1439 3266 lactandum
1458 3229 1501 3266 eea
1519 3214 1665 3282 teleptaeitg
1685 3231 1792 3284 peccone
1810 3214 1855 3268 ite·
1876 3222 1911 3274 35

1039 3314 1150 3367 queens
1173 3306 1292 3366 oportet,
1316 3315 1381 3366 qum
1407 3299 1503 3366 emptis
1529 3299 1677 3349 nutricibus
1702 3299 1789 3366 potins
1819 3299 1861 3350 in·

1041 3381 1123 3434 lentes
1141 3381 1275 3433 lactantloa
1292 3381 1436 3450 praebent,
1450 3383 1504 3433 nisi
1522 3381 1670 3434 eelctutline
1687 3379 1718 3432 ed
1738 3381 1786 3434 boo
1803 3381 1860 3434 uli·

1038 3477 1143 3531 gantur.
1164 3461 1308 3516 Boeclenn
1332 3463 1415 3516 instit.
1432 3464 1514 3532 polit.
1531 3465 1557 3516 tl.
1581 3463 1625 3518 lii.
1651 3467 1676 3514 1.
1694 3481 1717 3517 e.
1737 3467 1762 3517 3.
1779 3483 1803 3532 p.
1822 3482 1859 3518 m.

1041 3546 1084 3600 tt.
1102 3547 1177 3600 verb.
1196 3546 1317 3602 succedit
1329 3548 1506 3615 generationi
1520 3559 1567 3601 etc.
1583 3549 1613 3602 Si
1633 3559 1718 3600 tamen
1740 3549 1774 3601 ob
1788 3565 1847 3602 mor
1875 3562 1911 3618 30

1040 3632 1103 3684 hum
1123 3635 1162 3686 sel
1181 3631 1288 3686 aduersa
1307 3633 1454 3686 salettnline
1479 3631 1619 3702 impeditas
1638 3647 1666 3684 se
1683 3633 1815 3700 sentient,
1833 3643 1859 3690 et

1039 3729 1127 3772 tameo
1148 3717 1333 3772 misericordis
1352 3718 1442 3770 ‹luctoe
1459 3736 1488 3771 se
1504 3717 1537 3770 ut
1556 3715 1705 3769 laetandum
1725 3715 1856 3772 inimtem

1038 3813 1187 3866 macerant,
1206 3819 1255 3854 nac
1278 3803 1339 3854 illac
1366 3803 1550 3873 intempestive
1573 3801 1758 3854 misericordes
1777 3811 1854 3854 anot:

1038 3890 1153 3958 cogitare
1171 3885 1312 3951 deberent,
1330 3905 1383 3940 non
1405 3888 1493 3940 minus
1512 3888 1646 3942 hominem
1673 3886 1759 3940 sitleri
1779 3903 1855 3939 nece·
1876 3883 1911 3938 tt

1038 3989 1084 4036 re,
1101 3989 1167 4042 quse
1186 3973 1238 4024 sibi
1258 3971 1420 4024 occasionem
1442 3972 1535 4025 mortis
1555 3971 1676 4042 praebet,
1693 3989 1770 4040 qnam
1790 3985 1857 4041 ques

1037 4055 1092 4106 elii.
1110 4055 1258 4124 Excipiunt
1275 4055 1381 4124 quinem
1401 4053 1493 4108 abhoc
1511 4071 1571 4106 cnra
1590 4065 1701 4108 matrem
1720 4055 1854 4119 nobilem,
1874 4064 1910 4116 38

1037 4139 1111 4206 qttasi
1129 4141 1154 4191 ei
1173 4139 1351 4191 verecundum
1370 4138 1406 4190 sit
1425 4140 1520 4191 lactere
1548 4135 1651 4203 hlium,
1670 4139 1708 4190 uti
1736 4136 1855 4190 referunt

1037 4221 1148 4274 Garsies
1165 4224 1199 4276 de
1217 4237 1330 4286 expetis.
1349 4233 1375 4275 et
1394 4221 1603 4274 meliorationib.
1626 4237 1648 4274 c.
1673 4223 1698 4273 n.
1722 4237 1747 4272 n.
1768 4222 1810 4271 ³0.
1829 4229 1857 4273 el

1035 4321 1105 4372 sepp.
1125 4304 1217 4357 llsrth.
1236 4304 1360 4373 Cnepolla
1377 4303 1411 4357 de
1423 4305 1513 4368 imper.
1528 4305 1604 4357 milit.
1617 4303 1753 4374 delegend.
1766 4306 1794 4357 in
1810 4304 1853 4356 2³.

1036 4388 1158 4459 privileg.
1178 4389 1263 4441 nobil.
1289 4408 1311 4442 c.
1329 4388 1355 4440 l·
1381 4391 1436 4442 los.
1458 4387 1568 4439 ttotteo.
1593 4389 1626 4441 de
1648 4399 1711 4442 stat.
1730 4388 1815 4440 nobil.
1832 4405 1855 4442 e.

1036 4475 1078 4524 10.
1098 4469 1122 4542 5.
1141 4471 1185 4524 tn.
1205 4474 1304 4526 Verum
1325 4473 1460 4526 doctorum
1482 4471 1528 4524 hac
1553 4473 1694 4542 opiniones
1713 4485 1787 4536 sunts
1806 4491 1842 4528 no
1873 4485 1909 4540 39

1037 4557 1104 4609 biles
1123 4565 1223 4610 matres
1241 4575 1289 4610 nec
1305 4558 1349 4610 lex
1368 4567 1472 4611 neturae
1490 4575 1537 4610 neo
1550 4557 1636 4611 eititis
1648 4557 1723 4610 ullibi
1737 4559 1856 4628 excipitp

1035 4639 1080 4692 setl
1100 4640 1187 4708 potius
1214 4639 1303 4696 antdn
1323 4658 1380 4712 arg.
1399 4642 1417 4693 l.
1436 4643 1462 4695 9.
1481 4659 1503 4694 c.
1530 4641 1564 4695 de
1580 4652 1653 4713 patr.
1675 4653 1769 4712 potest.
1790 4643 1856 4697 Gra·
1873 4656 1908 4708 40

1035 4724 1141 4778 sissima
1161 4725 1327 4779 coniuncto
1351 4727 1506 4780 Phanorim'
1526 4725 1677 4798 philosophi
1703 4727 1855 4782 elissertatio

1034 4816 1074 4858 est
1092 4807 1169 4872 apud
1186 4807 1254 4859 Geli.
1272 4806 1317 4860 tit.
1338 4807 1380 4859 12.
1399 4826 1425 4860 c.
1438 4813 1462 4858 l.
1476 4825 1527 4878 que
1541 4808 1626 4862 nobili
1646 4808 1777 4863 foemineo
1794 4826 1853 4862 sne·

1033 4889 1079 4951 sit,
1098 4901 1126 4942 ut
1145 4890 1261 4954 liberos,
1279 4907 1344 4961 qnos
1367 4893 1528 4962 peperisset,
1549 4911 1602 4946 non
1627 4895 1761 4946 nutricum
1778 4891 1853 4946 sihi·

1033 4969 1164 5031 bitnrum‚
1183 4971 1228 5024 secl
1252 4989 1299 5024 suo
1323 4973 1390 5026 lacte
1416 4975 1512 5028 aleret:
1530 4985 1621 5029 eontra
1640 4985 1778 5040 naturam,
1799 4973 1848 5024 im·
1867 4974 1900 5028 tt

1033 5053 1177 5126 perlectum
1196 5067 1221 5110 et
1234 5053 1402 5110 ditnitlietutn
1422 5058 1516 5110 matris
1534 5073 1615 5127 genus
1632 5065 1705 5110 soret
1723 5056 1763 5122 is,
1776 5071 1852 5125 pepe·

1034 5143 1116 5206 risse,
1135 5150 1163 5194 et
1188 5141 1280 5194 statim
1305 5161 1319 5194 e
1344 5157 1402 5194 seso
1427 5143 1553 5211 abjecisse
1578 5159 1627 5194 nec
1646 5141 1749 5194 eluisse.
1769 5138 1848 5196 Petet·
1867 5154 1903 5206 η

170 5233 330 5287 constantiis
351 5230 511 5302 quibusdam
535 5231 764 5299 circumscriptam
791 5230 898 5284 tlenotat
916 5242 985 5301 pote·
1032 5243 1135 5295 citoque
1152 5227 1221 5280 alere
1240 5237 1342 5280 tenetur
1359 5227 1474 5292 liberos,
1487 5237 1514 5280 et
1532 5228 1555 5280 si
1574 5225 1697 5294 negligat,
1715 5219 1852 5293 ollicioju-

127 5313 154 5368 21
172 5325 271 5370 statem.
289 5315 351 5372 Non
377 5315 542 5385 incognitum
560 5315 635 5368 enim
660 5325 717 5368 erat
734 5316 885 5369 iustinianu
904 5318 982 5386 impe·

171 5403 247 5456 ratori
260 5399 477 5466 ericthonium,
494 5399 560 5452 alios
584 5400 664 5452 etiam
687 5401 799 5471 populos
817 5399 935 5454 esmtlem
956 5401 983 5454 io

127 5481 157 5534 n
172 5482 266 5538 liberos
289 5501 413 5540 eaeeceee
435 5492 596 5552 potestetem.
623 5483 659 5538 lta
682 5483 751 5553 opu-l
781 5485 888 5548 Persas,
912 5485 981 5552 eputl

171 5567 295 5634 tutatos,
311 5581 336 5622 et
355 5569 421 5623 alios
440 5567 548 5638 populos
565 5569 742 5634 consuetisse,
763 5572 834 5621 serie
858 5569 980 5638 exeotpla

1033 5309 1102 5364 elicis
1120 5311 1177 5380 cogi
1204 5321 1300 5380 potest.
1325 5309 1343 5362 l.
1351 5309 1410 5380 fin.
1428 5329 1451 5364 c.
1469 5310 1501 5365 tle
1520 5309 1626 5365 alendis
1643 5307 1745 5362 liberti.
1768 5329 1790 5365 ο.
1804 5308 1852 5380 jna

1034 5395 1154 5448 natural.
1171 5393 1231 5447 (list.
1252 5396 1277 5444 1.
1297 5411 1321 5448 ο.
1338 5393 1363 5447 rt'
1385 5397 1447 5464 quir
1467 5393 1649 5462 dereliquerit.
1675 5391 1735 5446 «tter.
1755 5393 1798 5444 30.
1817 5393 1849 5447 Si
1867 5404 1902 5459 43

1035 5487 1121 5530 temen
1139 5488 1214 5549 pater
1232 5478 1278 5532 tali
1297 5477 1479 5531 misericordia
1497 5495 1556 5546 erga
1574 5473 1660 5530 filiurn
1680 5486 1798 5546 egentem
1810 5474 1850 5528 ie-

1033 5573 1120 5626 ratuc,
1138 5573 1167 5614 ut
1186 5563 1271 5629 potius
1290 5557 1347 5612 ltlio
1366 5572 1606 5631 succurrat,quntn
1626 5561 1698 5624 sibi,
1718 5561 1848 5629 intempe-

170 5663 283 5710 recenaet
300 5655 442 5710 benissent
458 5651 487 5706 in
504 5650 691 5710 helecticnibus
704 5651 782 5720 polit.
799 5653 846 5706 nt.
866 5654 892 5706 1.
909 5668 933 5706 o.
952 5651 977 5704 l.
1031 5647 1096 5704 stira
1123 5645 1304 5704 miserioonlia
1326 5653 1384 5700 est:
1400 5645 1488 5700 otonis
1512 5647 1611 5720 qnippe
1637 5645 1751 5700 charites
1775 5642 1843 5698 bene
1862 5657 1898 5710 n
