4456 6208
246 391 303 446 ηε
730 383 777 438 oe
796 383 1007 442 rennuunt
1027 387 1129 444 sunus
1149 387 1290 444 nonunt
1308 405 1368 446 sec.
1788 399 1843 452 eru

194 497 300 558 laesus,
320 487 399 546 modo
417 485 500 545 laesio
518 487 587 540 ultra
607 479 752 536 dimidium
772 501 823 537 uon
842 485 890 550 ιιι,
913 504 965 540 non
985 502 1022 538 re·
1073 501 1104 536 et
1123 487 1193 539 nudo
1218 497 1294 557 pacto
1313 489 1384 542 nulia
1406 485 1476 542 actio
1498 487 1554 544 date
1579 488 1680 545 inerit?
1696 489 1752 563 Ego
1775 493 1821 546 rix
1839 493 1895 550 dici

193 576 341 641 scinditur,
354 575 421 638 boo,
436 583 464 625 ut
483 588 546 624 ensa
566 565 708 622 discordiis
718 569 960 638 praescinderctue,
975 590 1021 624 ao·
1073 589 1147 641 posse
1164 573 1243 626 eliens
1261 584 1384 641 autumo,
1405 573 1466 628 tium
1487 575 1636 645 imperatur
1653 576 1680 630 d.
1698 577 1714 628 t
1735 579 1761 629 7.
1781 586 1801 642 ς.
1823 577 1894 649 ⁴·ffi

194 665 356 726 luerout3et
370 658 541 729 exceptiones
561 653 668 708 iritolas
688 652 879 722 impedierunt:
893 656 1022 724 quomodo
1072 657 1199 728 depactis
1216 661 1324 712 asserite
1346 659 1390 712 ted
1410 677 1470 712 cunt
1491 661 1562 712 nulia
1581 661 1667 716 turben
1691 676 1765 715 cauta
1784 675 1894 735 propter

195 766 251 802 non
265 755 417 799 numeratae
436 741 564 813 pecouiae
582 737 765 808 exceptionem
780 738 811 786 ed
826 735 962 790 biennium
982 758 1020 791 ee-
1071 740 1272 796 consentionem
1293 741 1337 794 hio
1355 750 1456 795 constat
1476 759 1528 794 nott
1547 761 1622 812 posse
1641 745 1768 798 cunstitui
1792 745 1894 817 obliga-

197 833 454 896 striaeerunt,nam
475 831 662 882 consueuerant
679 820 813 874 debitores
833 823 1020 894 maligni,qno
1073 823 1184 890 tionem,
1205 828 1285 894 igitur
1309 826 1377 880 uude
1404 829 1492 898 pantio
1517 826 1705 896 obligationem
1732 847 1785 882 non
1812 835 1891 902 parte.

196 915 360 970 solutionem
380 911 536 974 differrent,
554 906 635 960 debiti
662 904 741 958 etium
766 905 911 961 indubitati
932 911 1020 977 proba-
1071 905 1138 960 Cum
1156 911 1242 980 praetio
1260 913 1300 966 ria
1324 912 1463 981 pariendte
1483 913 1654 982 obligationis
1678 933 1692 966 a
1712 917 1769 981 jure
1793 918 1892 972 tribur*

201 1001 302 1052 tionem
324 1019 338 1051 a
363 995 557 1058 oreditoribus,
584 993 644 1045 iicet
667 990 873 1060 chirographum
899 1011 1020 1062 agnosce·
1071 993 1194 1050 hocloco
1212 1013 1287 1049 causa
1315 995 1425 1050 dicenda
1444 1013 1495 1048 oon
1520 1009 1576 1063 est,
1602 997 1732 1067 siqnidem
1757 1000 1824 1053 dicit
1842 1001 1887 1056 hio

196 1083 398 1152 rent,aalgere.
419 1080 490 1132 lluiu
509 1079 626 1130 malitiae
645 1086 672 1128 ut
689 1076 793 1130 nitriam
812 1075 1019 1142 irent,nounn·
1069 1085 1160 1148 tetus,
1177 1100 1223 1138 nur
1248 1085 1292 1137 lex
1317 1101 1369 1138 nou
1396 1083 1480 1154 possit
1501 1081 1630 1136 adsistere
1656 1095 1730 1156 pecto
1753 1084 1838 1151 undu,
1866 1086 1891 1138 ει

196 1180 314 1227 surreiae
331 1170 458 1242 pecuniae
475 1167 656 1238 exceptionem
676 1173 735 1239 post
756 1168 894 1220 biennium
922 1170 1018 1238 opponi
1069 1167 1253 1220 adsistentium
1274 1168 1339 1237 legit
1369 1167 1561 1230 intellexisset,
1580 1169 1757 1237 necrologium
1781 1173 1891 1225 cornmi-

195 1275 249 1310 non
269 1257 365 1310 richere
380 1265 523 1308 tennerunt
535 1291 542 1316 ,
555 1253 616 1306 licut
635 1253 863 1322 adjuramentum
883 1269 911 1306 te
928 1253 1019 1308 oderat
1070 1251 1161 1314 sisset,
1180 1251 1287 1306 dicent:
1307 1255 1348 1304 lex
1370 1268 1421 1304 nou
1442 1263 1527 1322 potest
1544 1250 1672 1305 adsistere
1690 1263 1798 1322 propter
1816 1257 1890 1310 edet.

193 1339 306 1392 debitor.
324 1337 398 1392 isli.
410 1355 434 1390 c.
447 1334 481 1390 de
494 1345 593 1400 encept.
613 1351 668 1388 ttou
684 1347 818 1392 numeret.
834 1353 933 1404 pecten.
947 1355 1020 1405 pree·

194 1423 314 1476 sumitur
329 1421 401 1474 snitu
431 1419 580 1474 debitorem
606 1420 768 1490 negligenter
797 1421 861 1475 adeo
880 1439 932 1474 non
952 1422 1019 1476 iutu-

195 1523 273 1568 rum,
288 1515 315 1558 ot
333 1504 541 1573 chirographum
561 1521 637 1556 enom
657 1507 790 1575 relinquat
808 1516 879 1558 tanto
899 1518 1020 1577 tempure

193 1593 252 1644 sisse
269 1607 356 1652 canu,
374 1607 427 1660 qno
446 1606 509 1641 castt
529 1598 633 1652 tetuen,
652 1588 675 1640 ti
699 1586 808 1642 debitor
826 1589 929 1642 aliunde
949 1609 1018 1661 pro·

195 1672 259 1728 hare
275 1674 375 1744 possit,
390 1688 418 1726 ce
435 1685 551 1744 repetere
570 1672 641 1725 nullu
661 1675 739 1728 modo
758 1675 883 1744 putuisse,
903 1674 970 1728 i'urte
984 1675 1020 1728 ob

192 1757 247 1811 itae
270 1769 437 1828 msceptum,
456 1758 524 1827 qood
545 1774 592 1810 nec
615 1757 732 1811 scribere
751 1761 894 1826 potuisset,
914 1761 1020 1812 audien-

191 1841 258 1894 dum
276 1857 333 1896 essc
344 1844 438 1906 credo,
458 1841 525 1908 quod
560 1841 675 1909 sequitat
694 1844 820 1911 suggerit,
833 1843 893 1894 licet
911 1843 1020 1909 inrede-

191 1928 336 1980 atitstamur
351 1941 407 1994 erg.
419 1923 437 1974 i.
452 1924 476 1978 1,
490 1932 511 1986 ς.
534 1923 605 1992 iaff.
623 1923 708 1994 deep.
727 1936 753 1978 et
774 1945 834 1994 equ.
845 1926 951 1993 pittoiue
965 1945 1021 1982 erc.

193 2028 285 2064 cauco.
303 2007 441 2078 Negatiree
458 2008 565 2078 quidem
585 2011 741 2077 regulariter
754 2011 872 2078 probatio
891 2029 942 2064 non
962 2024 1020 2077 est,

193 2099 241 2150 ccl
254 2089 357 2149 sufficit
377 2095 456 2146 nobis
476 2093 534 2147 deri
555 2095 642 2164 sliquo
662 2095 748 2147 nando.
763 2094 835 2148 ditas
855 2113 948 2148 norum
969 2099 1020 2163 juri

193 2194 249 2230 non
261 2189 300 2230 est
314 2175 397 2246 quoad
412 2193 534 2245 praesens
548 2177 675 2244 denegare
690 2176 853 2241 remedium,
867 2185 893 2230 et
906 2179 933 2228 iu
947 2179 1020 2231 alind

192 2279 268 2335 spem
295 2263 437 2332 patrocinii
461 2279 597 2334 reponere.
616 2265 710 2316 Trium
730 2266 923 2321 cohaerentium
944 2287 1021 2322 anno·

193 2367 256 2402 ron
279 2349 392 2420 apocbss
408 2351 505 2420 siquis
524 2349 651 2402 exhibere
663 2350 765 2419 possit,
777 2361 804 2404 et
824 2353 954 2420 reliquum
970 2357 1020 2407 sol·

193 2435 267 2488 aisse
287 2433 479 2504 praesumitur,
498 2433 543 2486 ted
566 2435 588 2484 si
610 2432 715 2486 aliunde
731 2434 842 2506 probare
861 2439 956 2490 ualeret
970 2457 1020 2490 non

192 2535 254 2571 esse
272 2519 405 2580 soluturo,
420 2518 488 2571 aetio
508 2535 561 2572 nou
581 2517 722 2587 denegatur
742 2517 761 2569 t.
775 2519 802 2573 3,
825 2537 847 2572 ε.
859 2519 892 2572 de
902 2520 1019 2588 epochis.

194 2605 269 2656 ttae
290 2603 406 2675 exempli
429 2605 486 2656 ioco
506 2603 610 2667 obiter,
624 2620 736 2656 numero
755 2603 835 2658 multe
856 2604 948 2656 adduci
964 2622 1021 2675 pos-

194 2697 276 2752 sunt,
289 2705 356 2758 qnae
369 2697 442 2741 extre
456 2704 560 2740 romane
574 2689 631 2754 jura
653 2687 805 2740 uislerentur
823 2687 927 2758 inique,
940 2689 972 2740 ad
985 2691 1022 2757 ju·

194 2772 235 2822 ris
256 2771 343 2824 nostri
365 2773 466 2840 regulas
483 2771 632 2824 examinate
649 2771 796 2838 justissima
813 2783 881 2826 sont.
900 2772 1020 2844 Pupillus

195 2856 336 2926 pubertate
355 2856 493 2925 proximus
514 2857 573 2909 aine
585 2855 666 2908 dubio
679 2856 811 2924 obligatur
823 2856 973 2911 naturaiiter
986 2859 1019 2909 si·

193 2955 231 2992 ne
245 2939 397 2992 anctoritate
414 2939 510 2994 tutoris
522 2940 679 2992 contrahens
692 2959 751 2994 onnt
765 2941 868 3010 aliquo,
882 2941 926 2994 ted
940 2959 971 2995 ex
985 2947 1021 3012 ju·

193 3022 339 3076 stiuianeis
359 3023 462 3091 juribus
483 3040 551 3088 non,
568 3023 629 3093 qnia
648 3025 717 3094 leges
739 3024 1019 3097 nihilfadmitterero·

194 3109 303 3162 luerunt
314 3149 323 3174 ,
336 3107 404 3179 qnod
420 3105 481 3160 dolo
498 3101 660 3161 occasionem
681 3108 738 3160 dari
752 3109 839 3164 alieno
862 3110 957 3182 possit,
978 3111 1019 3163 cni

197 3192 321 3262 pupillus
337 3191 453 3244 nundum
469 3191 569 3257 judicio
582 3189 661 3246 firmo
675 3194 822 3264 exspositus
834 3205 882 3248 est.
900 3197 920 3246 1.
933 3193 1019 3265 bist.

197 3290 235 3328 ce
247 3275 361 3346 obliget.
372 3285 398 3326 et
410 3276 538 3329 notionib.
553 3277 653 3330 himer.
665 3277 765 3332 decade
778 3280 803 3330 ³.
817 3282 952 3351 quaesti.
969 3281 1021 3332 im-

196 3370 279 3429 putet
298 3359 369 3424 tibi,
387 3361 433 3429 qui
448 3361 533 3430 legunt
548 3362 656 3431 ignarus
666 3379 724 3415 cnm
740 3364 784 3416 tali
795 3363 938 3418 contrabit.
956 3366 1020 3418 iura

192 3444 325 3499 omnihus
339 3444 434 3515 scripta
449 3455 524 3506 sunt,
538 3463 585 3500 uec
600 3444 678 3500 debet
697 3447 802 3516 ignerus
820 3465 877 3502 este
895 3451 949 3516 ejus
960 3465 1019 3502 noo·

195 3531 330 3592 ditionis,
348 3545 408 3582 eum
431 3545 483 3599 qno
495 3529 635 3583 contrabit.
648 3531 666 3583 t.
687 3531 774 3600 stiffi
790 3531 822 3584 de
840 3548 862 3582 r.
880 3532 902 3600 γ’.
921 3535 1019 3586 Verum

194 3631 262 3667 num
273 3615 302 3665 iu
315 3613 477 3666 couscientia
490 3622 559 3667 tntus
572 3615 621 3677 sit,
635 3615 679 3684 qui
693 3615 835 3667 sectsndurn
855 3613 925 3684 leges
939 3615 1023 3670 dietas

198 3697 361 3752 senteutiam
382 3698 476 3769 exequi
497 3697 631 3753 desideret
649 3699 694 3752 dd.
711 3709 843 3769 quaeruut.
863 3701 919 3772 Ego
934 3703 1021 3756 nolint

200 3783 315 3844 dubito,
330 3783 352 3833 si
367 3783 426 3835 sine
443 3783 572 3836 columnia
589 3795 663 3854 aget,
677 3784 757 3846 alias,
772 3792 801 3835 ut
818 3799 896 3852 snpra
914 3787 1018 3838 citatum

197 3869 352 3938 exemplum
366 3877 491 3936 repetem,
504 3867 598 3937 siquis
611 3867 640 3920 in
653 3866 827 3937 chirographo
841 3885 869 3918 se
880 3866 1003 3924 inodaret
1015 3920 1017 3928 ,

198 3964 228 4006 et
242 3955 309 4004 ιιειιε
329 3961 432 4013 ιιοεεει,
446 3967 475 4002 se
492 3950 630 4020 pecuniam
650 3967 702 4002 noo
720 3950 823 4003 dedisse
842 3963 866 4004 et
882 3963 967 4005 tamen
981 3971 1020 4008 sc·

205 4036 291 4091 cnud.
312 4036 338 4088 d.
357 4038 375 4088 l.
396 4035 471 4089 ihc·
490 4053 545 4088 nott
565 4047 698 4090 numerat.
714 4053 807 4102 pecten.
827 4035 1018 4106 Exceptiooens

203 4132 264 4191 post
293 4120 430 4174 biennium
455 4120 580 4184 elideret,
600 4135 649 4173 nec
670 4121 729 4189 jore
753 4120 827 4173 cirili
853 4130 925 4173 tutus
945 4121 1021 4178 teret.

201 4208 309 4276 Ubique
327 4207 398 4274 leges
411 4206 461 4259 bae
477 4215 503 4259 et
520 4206 609 4259 dolum
629 4213 656 4257 et
673 4205 803 4259 calomnia
823 4205 977 4261 intentante
994 4228 1022 4262 e·

200 4293 317 4344 ctionem
337 4291 489 4360 improbant
505 4291 551 4344 tid.
562 4289 601 4343 od
608 4289 648 4343 tit.
660 4287 694 4342 de
705 4289 823 4344 ccittntn.
836 4291 921 4344 multo
935 4292 1022 4345 minos

200 4379 229 4430 in
247 4375 412 4431 conscientia
431 4383 504 4427 tutus
522 4375 583 4427 erit.
603 4375 719 4428 Thomas
742 4373 933 4429 Mercheibeeb.
953 4377 1023 4428 sister

200 4461 294 4518 conrii.
321 4458 444 4523 Klockii,
469 4459 573 4512 ouium.
593 4462 618 4511 1.
638 4459 735 4512 consil.
754 4457 798 4510 to.
813 4477 840 4512 tt.
860 4457 904 4510 te.
925 4457 1021 4511 Cicilia

198 4550 254 4614 jura
273 4545 303 4594 in
322 4541 509 4595 conscientium
529 4557 581 4595 unu
606 4553 760 4612 penetrant,
787 4551 842 4593 acte
867 4542 1021 4612 inspiciunt.

200 4628 327 4698 Exempla
344 4627 420 4696 piore
437 4625 482 4677 ubi
501 4625 560 4694 quia
581 4627 618 4680 ita
636 4643 712 4695 agere
731 4628 827 4680 celeret
845 4639 959 4681 recenset
974 4631 1020 4683 Pa-

202 4729 285 4768 uorm.
304 4712 333 4764 itt
351 4727 409 4776 cup.
428 4709 491 4778 grtia
506 4709 663 4780 pieritmpue
680 4727 711 4762 ee.
727 4711 761 4764 ele
773 4710 910 4764 immutuit.
930 4714 1020 4767 εεειεε.

202 4799 246 4869 qui
265 4795 344 4850 nobis
363 4810 415 4847 non
436 4793 602 4846 contradicit.

241 4882 264 4947 ς.
283 4878 311 4929 8.
329 4877 366 4930 Ut
384 4887 563 4938 reuertamur,
583 4874 673 4929 eedem
693 4875 792 4945 publici
813 4875 875 4927 honi
895 4877 963 4931 ratio
981 4878 1019 4930 is-

202 4966 253 5028 eit,
267 4976 294 5017 ιιι
309 4963 381 5017 nudo
397 4973 471 5033 pactu
483 4961 595 5017 leuant
615 4963 743 5015 actionem
758 4976 810 5013 non
829 4958 963 5026 dederint,
976 4964 1021 5016 obi

205 5049 297 5104 iactum
318 5049 429 5118 dignere
448 5048 483 5102 ob
500 5047 568 5118 qnod
587 5048 747 5117 paciscentes
770 5044 900 5114 adstringi
919 5050 1022 5115 possint

203 5133 269 5186 haud
289 5132 457 5197 interemit,
474 5131 604 5183 iubrioutn
625 5129 727 5196 liuguae
752 5130 853 5196 qnippe
875 5131 907 5179 ed
926 5130 1022 5198 oblige-

205 5218 301 5269 tiouem
320 5213 415 5268 eilicax
433 5232 488 5268 non
507 5215 672 5284 judicarunt,
685 5211 729 5264 ted
741 5211 845 5280 quoodo
863 5209 962 5264 sobinit
976 5232 1020 5267 oe·

203 5301 299 5365 gotium
319 5296 408 5351 babile
425 5301 445 5351 i·
463 5299 524 5359 ’1.ς.
537 5297 563 5350 2.
582 5297 696 5366 depost.
715 5295 787 5346 Eion
806 5306 962 5362 praetores
982 5299 1021 5350 iu·

206 5381 347 5435 nominatis
365 5380 544 5436 contractibus
562 5379 733 5450 preeeeriptis
752 5377 896 5440 uerbis,id
916 5395 968 5446 eet,
987 5382 1018 5435 ad

205 5469 382 5520 narrationem
409 5465 471 5518 iacti
497 5467 624 5520 actionem
650 5465 727 5516 dabat
747 5473 855 5534 propter
873 5479 973 5518 cautem
993 5487 1019 5518 a·

202 5551 311 5602 etnalem
332 5549 464 5603 dationem
484 5552 525 5602 sel
546 5549 660 5612 iactum,
678 5566 730 5619 quo
747 5549 932 5602 contrahentes
952 5553 1020 5604 inei·

203 5649 253 5686 cem
275 5634 444 5688 tenebantur.
461 5635 479 5685 i.
495 5635 519 5687 c.
533 5639 554 5694 5.
569 5637 594 5684 1.
603 5633 698 5702 iuncto
709 5634 727 5686 l.
741 5633 831 5702 ²¹¹ff
845 5635 878 5688 de
888 5639 1018 5700 praeseri·

1070 1336 1190 1388 stentisnt
1211 1337 1285 1407 legis.
1304 1337 1430 1390 Secundo
1457 1335 1527 1388 Num
1548 1335 1610 1387 been
1628 1351 1701 1386 cauea
1720 1338 1784 1408 legis
1802 1343 1828 1392 ’1.
1847 1341 1890 1392 di·

1069 1428 1112 1472 cte
1131 1430 1243 1490 propter
1261 1438 1339 1490 quern
1354 1421 1383 1472 ii.
1402 1419 1519 1473 romanis
1531 1431 1554 1474 et
1564 1418 1691 1488 obligatio
1704 1434 1731 1474 ει
1742 1423 1809 1475 ectio
1828 1440 1891 1477 con·

1069 1500 1171 1554 reditur
1185 1502 1212 1555 in
1230 1504 1355 1557 omnihus
1373 1501 1551 1557 contractibus
1564 1502 1614 1556 boo
1631 1499 1747 1566 efficiat,
1760 1509 1829 1575 quod
1842 1526 1890 1579 ego

1071 1600 1122 1636 non
1147 1597 1216 1654 puto.
1244 1585 1273 1635 in
1302 1585 1477 1640 innominstls
1502 1603 1554 1638 non
1579 1589 1665 1638 oritur
1682 1588 1824 1656 obligatio,
1843 1607 1891 1645 nec

1069 1666 1147 1720 ‹ietur
1163 1669 1235 1720 aetio
1259 1666 1313 1721 nisi
1339 1671 1472 1737 negotium
1497 1670 1601 1740 aliquod
1628 1670 1806 1726 intercesserit
1829 1676 1847 1728 i.
1864 1677 1888 1728 ii.

1070 1745 1139 1818 §.·1.
1158 1751 1177 1804 i.
1198 1751 1243 1804 21.
1257 1749 1296 1820 ff.
1314 1753 1473 1824 praescript.
1492 1754 1591 1808 vertis.
1609 1753 1677 1806 Nam
1695 1773 1774 1826 quum
1793 1763 1890 1814 caeteri

1071 1850 1164 1886 nonten
1183 1836 1313 1904 peculiare
1332 1835 1446 1900 habunt,
1465 1855 1517 1890 nou
1536 1854 1602 1908 opos
1620 1847 1675 1904 est,
1695 1849 1723 1892 nt
1741 1853 1844 1910 praetor
1856 1847 1888 1899 ed

1070 1921 1214 1984 generalem
1240 1921 1370 1974 actionem
1397 1921 1425 1972 in
1451 1919 1545 1975 iactum
1572 1939 1617 1974 sen
1644 1937 1718 1991 prout
1737 1924 1828 1981 iactum
1849 1946 1891 1984 re-

1070 2005 1198 2056 censitum
1218 2006 1360 2070 concedat,
1381 2023 1412 2057 est
1431 2007 1537 2075 speciali
1558 2015 1693 2060 contrecto
1712 2013 1849 2080 specialem
1863 2032 1890 2067 a·

1070 2086 1183 2140 ctionem
1201 2088 1332 2142 concedit.
1349 2091 1378 2142 in
1392 2091 1606 2144 consensualibus
1623 2095 1816 2164 qnemprimuua
1829 2113 1890 2151 oon·

1070 2184 1223 2236 senserunt,
1241 2173 1368 2240 obligatio
1388 2175 1464 2228 datur
1481 2192 1566 2246 neque
1577 2179 1714 2232 uerborum
1728 2197 1811 2250 neque
1824 2185 1889 2234 seri·

1071 2265 1174 2321 ptorutu
1194 2259 1245 2310 alia
1263 2257 1414 2328 proprietas
1431 2260 1515 2330 quoad
1535 2260 1600 2316 itane
1623 2257 1769 2318 efficaciam
1787 2267 1889 2322 deside·

1072 2355 1144 2392 ra’nr
1161 2341 1243 2406 int
1274 2346 1298 2394 1.
1301 2343 1343 2411 ff.
1363 2345 1396 2399 de
1414 2345 1524 2414 obliget.
1540 2355 1568 2399 et
1583 2347 1686 2402 oetion·
1705 2350 1723 2399 l.
1744 2353 1769 2402 1.
1789 2355 1845 2415 §.h
1847 2353 1889 2423 ff

1071 2420 1104 2471 de
1117 2438 1207 2476 rerttttt
1223 2437 1370 2495 permutet.
1390 2429 1420 2480 ln
1440 2428 1553 2482 realibus
1570 2432 1674 2499 quoodo
1694 2448 1736 2484 res
1752 2451 1783 2488 eo
1799 2437 1890 2492 suino

1072 2505 1150 2558 datur
1170 2507 1199 2559 in
1218 2511 1327 2579 speciali
1346 2523 1496 2578 contractu,
1509 2513 1607 2584 sliquid
1626 2516 1704 2569 detur
1722 2529 1824 2583 mutuo,
1844 2524 1889 2576 de·

1071 2602 1183 2660 ponatur
1202 2603 1253 2647 etc.
1274 2593 1349 2650 letto
1367 2614 1419 2650 non
1438 2595 1587 2668 denegetur.
1601 2601 1617 2652 l.
1639 2603 1664 2653 8.
1677 2609 1699 2665 ς.
1714 2606 1737 2656 1.
1741 2601 1782 2672 ff
1802 2606 1840 2657 tit.
1856 2609 1890 2660 de

1071 2695 1097 2730 o.
1119 2680 1267 2732 utconlu
1287 2679 1330 2733 bis
1350 2682 1484 2750 negotium
1504 2683 1588 2749 iliud,
1607 2695 1635 2738 ut
1654 2686 1722 2740 actio
1741 2689 1819 2741 detur
1837 2707 1890 2743 non

1070 2763 1234 2832 attenditur,
1254 2775 1280 2819 at
1298 2766 1360 2820 bino
1377 2785 1455 2821 oense
1474 2769 1503 2820 ιιι
1521 2767 1547 2822 d.
1564 2771 1583 2821 l.
1609 2771 1635 2824 ’1.
1654 2771 1799 2837 εεεειιειιε,
1823 2773 1890 2825 ιιιει-

1072 2859 1113 2900 tur
1133 2857 1230 2903 tantun
1252 2849 1280 2902 in
1300 2849 1474 2906 innominatis
1493 2853 1673 2907 contractibus
1690 2867 1762 2921 este,
1781 2856 1811 2908 iu
1829 2859 1889 2910 reli-

1072 2932 1132 3000 quis
1150 2949 1221 2999 uon,
1238 2934 1299 3004 quia
1318 2933 1453 3002 negotium
1471 2937 1578 3008 quidem
1599 2936 1625 2990 iu
1644 2937 1768 2991 omnibus
1786 2950 1890 2993 contre·

1070 3017 1155 3070 stibus
1171 3029 1225 3082 est,
1245 3017 1288 3071 eed
1313 3035 1366 3072 non
1384 3030 1427 3073 est
1448 3035 1522 3073 cansa
1549 3022 1590 3074 uei
1612 3022 1781 3092 obligationis
1804 3027 1845 3080 sel
1864 3043 1890 3077 e·

1070 3102 1176 3156 ctiouis.
1195 3103 1311 3156 Perinde
1329 3104 1395 3158 actio
1416 3105 1496 3157 retiis
1513 3101 1690 3174 definitum
1711 3111 1737 3162 1.
1754 3109 1838 3164 instit.
1857 3109 1891 3163 de

1073 3188 1170 3242 action.
1189 3188 1292 3257 quando
1318 3207 1363 3258 ago
1382 3201 1470 3243 eontra
1490 3207 1567 3256 eunt,
1584 3190 1630 3260 qui
1656 3193 1728 3248 nulio
1745 3197 1802 3264 jure
1821 3197 1890 3249 mihi

1069 3273 1198 3342 obligetur
1218 3281 1274 3336 εει,
1288 3273 1346 3326 siue
1364 3273 1446 3328 dubio
1464 3274 1509 3344 qul
1528 3291 1584 3328 rem
1600 3293 1683 3328 oseem
1703 3278 1803 3333 detinet
1821 3281 1889 3334 obii·

1070 3367 1141 3425 gatus
1160 3366 1201 3410 est
1229 3357 1384 3421 restituere,
1403 3356 1489 3428 igitur
1512 3358 1561 3413 boc
1585 3354 1697 3425 dicitur,
1713 3363 1758 3431 qui
1783 3365 1889 3418 nonita

1073 3440 1138 3492 milti
1158 3439 1288 3508 obligatos
1307 3449 1362 3508 est,
1381 3442 1418 3495 uti
1437 3440 1463 3494 d.
1477 3441 1496 3498 i.
1517 3445 1542 3496 θ.
1557 3451 1580 3507 ς.
1601 3443 1672 3512 ιβ.
1689 3445 1722 3498 de
1740 3449 1893 3520 obligaret

1072 3534 1125 3576 act.
1137 3526 1267 3580 statuitur.
1283 3527 1353 3580 ilinc
1369 3526 1453 3598 quoad
1473 3528 1602 3582 actionem
1623 3530 1688 3583 banc
1705 3547 1756 3584 nou
1775 3535 1891 3588 attendi·

1072 3615 1129 3668 tur.
1149 3625 1207 3662 curn
1227 3609 1301 3678 pecie
1319 3610 1350 3663 de
1370 3627 1477 3664 mettano
1495 3614 1550 3680 jure
1576 3615 1759 3682 aestimentur,
1778 3635 1831 3672 non
1849 3631 1888 3674 at·

1071 3691 1140 3746 teudi
1160 3703 1186 3745 et
1205 3710 1257 3746 nou
1276 3710 1332 3748 esse
1344 3711 1403 3764 urg.
1419 3694 1681 3764 diffidendo.

1107 3784 1127 3840 ς.
1147 3777 1174 3830 9.
1200 3781 1388 3835 Veruntamen
1412 3781 1544 3851 publicam
1563 3782 1705 3836 utilitatem
1732 3783 1761 3835 iu
1785 3786 1883 3839 tantisto

1072 3879 1123 3916 nott
1147 3863 1308 3930 aestimarit,
1333 3875 1360 3918 nt
1389 3877 1477 3919 eontra
1504 3868 1602 3936 justum
1633 3868 1766 3922 oblineret
1790 3873 1887 3940 potius.

1071 3948 1136 4002 Tana
1156 3947 1313 4020 prudentiae
1338 3949 1420 4017 juria,
1438 3969 1515 4023 quem
1541 3953 1663 4005 utilitatis
1687 3956 1815 4009 rationem
1842 3960 1888 4012 he-

1070 4037 1194 4088 buerunt.
1206 4033 1224 4085 l.
1240 4035 1267 4084 1.
1278 4051 1300 4086 ε.
1314 4033 1348 4085 ιιι
1360 4052 1440 4105 nequ.
1447 4051 1560 4105 possets.
1572 4039 1738 4109 Quapropter
1755 4043 1887 4110 legislato-

1071 4139 1113 4174 res
1133 4120 1212 4174 nonri
1240 4121 1290 4174 trie
1308 4137 1408 4176 summa
1434 4121 1486 4186 iuri
1511 4137 1558 4175 too
1582 4133 1717 4194 praecepta
1745 4103 1888 4180 erdtstitne·

1072 4217 1151 4272 runt,
1165 4203 1196 4258 ad
1215 4222 1280 4274 quae
1296 4221 1343 4258 cen
1361 4206 1392 4257 ad
1412 4222 1529 4259 uorntem
1548 4205 1672 4276 quiequid
1684 4209 1754 4277 leges
1766 4225 1888 4268 romense

1071 4290 1209 4345 continent
1229 4299 1314 4359 potest
1332 4287 1443 4343 referri
1460 4290 1545 4358 qualia
1564 4299 1638 4342 suut:
1656 4288 1769 4345 honeste
1780 4293 1886 4358 uivere,

1072 4375 1205 4430 nemiuem
1217 4373 1337 4436 loedere,
1350 4373 1535 4442 conmunique
1547 4371 1669 4426 tribuere.
1686 4375 1709 4440 ς.
1729 4375 1753 4427 ³.
1766 4374 1848 4429 ittstt't.
1861 4379 1886 4431 d.

1068 4462 1089 4531 1'.
1102 4470 1128 4514 ει
1133 4460 1157 4532 1'.
1169 4460 1242 4527 Quae
1259 4459 1334 4510 aieot
1351 4456 1399 4510 trie
1418 4455 1533 4523 objecta,
1553 4455 1586 4508 ita
1605 4467 1631 4508 ει
1648 4456 1712 4508 haee
1731 4459 1782 4511 trie
1801 4461 1887 4514 eoiue-

1072 4557 1132 4598 eunt
1152 4544 1223 4598 inter
1240 4559 1267 4594 se
1286 4542 1396 4594 omniuo
1414 4537 1566 4592 differentia
1584 4538 1747 4593 cousidereta
1764 4541 1885 4596 formali·

1072 4639 1125 4693 ter,
1145 4629 1209 4680 iicet
1225 4625 1270 4695 qni
1298 4624 1407 4676 honeste
1432 4631 1506 4690 eget,
1524 4621 1606 4674 simui
1632 4621 1765 4676 neminem
1784 4625 1885 4693 laedet,

1072 4729 1157 4782 neque
1175 4727 1251 4765 suum
1270 4708 1346 4762 alicui
1371 4705 1486 4776 eripiat,
1506 4713 1592 4758 tamen
1617 4707 1836 4774 quernednsodont
1857 4712 1885 4763 in

1073 4795 1261 4867 metaphysicis
1283 4791 1434 4846 aiiectiooes
1458 4793 1528 4844 eutis
1555 4790 1658 4856 unitae,
1681 4809 1763 4844 unum
1793 4811 1883 4849 rerum

1073 4883 1169 4934 bonum
1188 4889 1212 4932 et
1231 4875 1375 4948 periectuns
1402 4891 1492 4928 reuera
1517 4875 1587 4930 inter
1605 4892 1633 4929 se
1655 4875 1795 4931 distinctae
1812 4895 1887 4946 suut,

1072 4963 1207 5034 quamtis,
1224 4961 1328 5030 quando
1345 4974 1392 5012 ent
1415 4975 1496 5012 unum
1515 4967 1557 5012 est
1573 4961 1653 5014 timul
1676 4977 1778 5032 quoque
1795 4979 1884 5018 serum

1071 5049 1215 5102 achonum
1235 5047 1285 5112 sit,
1304 5054 1419 5099 attento
1438 5063 1487 5114 qna
1510 5042 1663 5098 effectioues
1687 5047 1887 5101 considerantur

1070 5129 1214 5196 differente
1233 5139 1260 5182 et
1277 5143 1358 5180 unum
1377 5136 1403 5179 at
1421 5143 1510 5180 rerunt
1531 5127 1633 5182 discsse
1659 5139 1728 5182 snut.
1747 5129 1884 5185 Caeterum

1070 5214 1180 5268 essentie
1206 5223 1400 5283 praeceptorum
1421 5213 1513 5266 hornus
1533 5229 1564 5263 ex
1583 5213 1741 5283 reipublicae
1765 5230 1885 5270 romanae

1071 5299 1212 5372 principiis
1236 5297 1396 5352 aestimanda
1423 5307 1480 5361 est,
1497 5313 1563 5367 quac
1582 5311 1659 5365 supra
1683 5297 1750 5350 di'eta
1773 5311 1799 5352 ut
1816 5301 1885 5356 nihil

1070 5401 1178 5454 aequum
1203 5401 1222 5436 a
1246 5386 1343 5452 justum
1371 5379 1512 5448 habeatur,
1528 5381 1596 5450 quod
1623 5397 1675 5432 nou
1704 5381 1821 5448 pubiicee
1846 5387 1884 5438 rei

1071 5469 1166 5521 bonnus
1180 5467 1230 5520 tit:
1244 5467 1306 5519 hinc
1316 5463 1504 5518 concubinatos
1522 5479 1597 5532 quem
1618 5467 1721 5517 rotusni
1738 5466 1884 5534 legitimam

1070 5553 1280 5607 consuetudinem
1297 5559 1426 5606 roearnut.
1439 5548 1456 5602 l.
1471 5549 1495 5600 il.
1509 5549 1575 5601 nod
1587 5563 1623 5602 se.
1637 5549 1718 5621 orfie.
1731 5555 1761 5605 ed
1777 5554 1887 5611 honeste

1070 5639 1155 5688 rirerc
1171 5633 1271 5688 reierre
1289 5651 1366 5688 oenuo
1385 5631 1532 5696 dtsbitsbit,
1549 5633 1678 5703 siquidem
1704 5649 1727 5692 rt
1747 5639 1775 5691 in
1794 5655 1887 5694 conen·

201 5729 232 5783 nt.
244 5718 339 5772 urit's.
351 5719 442 5772 iithn.
453 5719 487 5771 de
498 5717 684 5772 aestimatoria
699 5719 809 5773 notione
822 5737 848 5772 ιι.
869 5719 893 5770 1.
915 5721 954 5774 De
972 5721 1019 5776 hae
1069 5721 1161 5772 hinatu
1179 5719 1288 5773 honeste
1305 5718 1442 5774 uiuendum
1457 5725 1528 5778 erat,
1543 5733 1603 5770 nam
1624 5735 1654 5772 eo
1674 5737 1722 5775 ner
1740 5727 1887 5795 promisere

202 5820 273 5858 causa
292 5812 422 5874 quaerunt
442 5805 524 5856 imum
543 5801 588 5853 dd.
608 5805 647 5854 hn
664 5820 693 5856 ea
707 5817 811 5875 quoque
829 5800 922 5871 ieoist,
942 5808 1011 5876 quod
1071 5822 1161 5860 omnes
1180 5821 1318 5875 personae,
1332 5803 1375 5857 teti
1393 5819 1522 5869 ese,eusn
1535 5803 1630 5874 quibus
1647 5807 1806 5861 connubium
1826 5826 1885 5877 [ιιιι-
