<?xml version="1.0" encoding="UTF-8"?>
<!DOCTYPE html PUBLIC "-//W3C//DTD XHTML 1.0 Transitional//EN"
    "http://www.w3.org/TR/xhtml1/DTD/xhtml1-transitional.dtd">
<html xmlns="http://www.w3.org/1999/xhtml" xml:lang="en" lang="en">
 <head>
  <title>
</title>
<meta http-equiv="Content-Type" content="text/html;charset=utf-8" />
  <meta name='ocr-system' content='tesseract 3.04.00' />
  <meta name='ocr-capabilities' content='ocr_page ocr_carea ocr_par ocr_line ocrx_word'/>
</head>
<body>
  <div class='ocr_page' id='page_1' title='image "./samuelisstrykii07schogoog_0057.png"; bbox 0 0 4374 6216; ppageno 0'>
   <div class='ocr_carea' id='block_1_1' title="bbox 203 191 1781 258">
    <p class='ocr_par' dir='ltr' id='par_1_1' title="bbox 203 191 1781 258">
     <span class='ocr_line' id='line_1_1' title="bbox 203 191 1781 258; baseline 0.001 -8"><span class='ocrx_word' id='word_1_1' title='bbox 203 203 255 258; x_wconf 76' lang='lat'><em>101</em></span> <span class='ocrx_word' id='word_1_2' title='bbox 647 193 695 247; x_wconf 83' lang='lat' dir='ltr'><em>DE</em></span> <span class='ocrx_word' id='word_1_3' title='bbox 712 191 977 248; x_wconf 70' lang='lat' dir='ltr'><em>Mtssntconnts</em></span> <span class='ocrx_word' id='word_1_4' title='bbox 996 193 1263 253; x_wconf 74' lang='lat' dir='ltr'><em>tnutmsusstvs</em></span> <span class='ocrx_word' id='word_1_5' title='bbox 1283 213 1343 252; x_wconf 66' lang='lat' dir='ltr'><em>soc.</em></span> <span class='ocrx_word' id='word_1_6' title='bbox 1727 201 1781 251; x_wconf 75' lang='grc'><strong>162</strong></span> 
     </span>
    </p>
   </div>
   <div class='ocr_carea' id='block_1_2' title="bbox 143 286 1876 5666">
    <p class='ocr_par' dir='ltr' id='par_1_2' title="bbox 143 286 1876 5666">
     <span class='ocr_line' id='line_1_2' title="bbox 186 286 1554 358; baseline -0.007 -4"><span class='ocrx_word' id='word_1_7' title='bbox 186 292 312 354; x_wconf 82' lang='lat' dir='ltr'><em>interesse¹</em></span> <span class='ocrx_word' id='word_1_8' title='bbox 327 301 354 348; x_wconf 86' lang='lat' dir='ltr'><em>et</em></span> <span class='ocrx_word' id='word_1_9' title='bbox 370 289 573 348; x_wconf 84' lang='lat' dir='ltr'><em>restitutionem</em></span> <span class='ocrx_word' id='word_1_10' title='bbox 594 303 776 355; x_wconf 75' lang='lat' dir='ltr'><em>expensorum</em></span> <span class='ocrx_word' id='word_1_11' title='bbox 794 286 966 342; x_wconf 79' lang='lat' dir='ltr'><em>coriciemnut.</em></span> <span class='ocrx_word' id='word_1_12' title='bbox 1016 291 1129 358; x_wconf 76' lang='lat' dir='ltr'><em>Negent</em></span> <span class='ocrx_word' id='word_1_13' title='bbox 1138 293 1257 348; x_wconf 77' lang='lat' dir='ltr'><em>practici</em></span> <span class='ocrx_word' id='word_1_14' title='bbox 1267 291 1456 347; x_wconf 80' lang='lat' dir='ltr'><em>consrrruniter.</em></span> <span class='ocrx_word' id='word_1_15' title='bbox 1468 309 1496 346; x_wconf 91' lang='grc' dir='ltr'><em>ιι.</em></span> <span class='ocrx_word' id='word_1_16' title='bbox 1509 293 1554 346; x_wconf 84' lang='grc'><em>66.</em></span> 
     </span>
     <span class='ocr_line' id='line_1_3' title="bbox 187 371 1830 450; baseline -0.001 -17"><span class='ocrx_word' id='word_1_17' title='bbox 187 382 268 436; x_wconf 63' lang='lat' dir='ltr'><em>itt.</em></span> <span class='ocrx_word' id='word_1_18' title='bbox 908 415 913 428; x_wconf 93' lang='grc'><em>.</em></span> <span class='ocrx_word' id='word_1_19' title='bbox 1015 379 1170 444; x_wconf 80' lang='lat' dir='ltr'><em>Aequitotis</em></span> <span class='ocrx_word' id='word_1_20' title='bbox 1186 375 1291 432; x_wconf 83' lang='lat' dir='ltr'><em>soiiioc</em></span> <span class='ocrx_word' id='word_1_21' title='bbox 1308 388 1400 428; x_wconf 90' lang='lat' dir='ltr'><em>tomen</em></span> <span class='ocrx_word' id='word_1_22' title='bbox 1417 379 1489 432; x_wconf 86' lang='lat' dir='ltr'><em>rosio</em></span> <span class='ocrx_word' id='word_1_23' title='bbox 1507 377 1537 430; x_wconf 83' lang='lat' dir='ltr'><em>ici</em></span> <span class='ocrx_word' id='word_1_24' title='bbox 1562 375 1630 432; x_wconf 86' lang='lat' dir='ltr'><em>oiiat</em></span> <span class='ocrx_word' id='word_1_25' title='bbox 1652 371 1830 450; x_wconf 66' lang='lat' dir='ltr'><em>efflagitaret.</em></span> 
     </span>
     <span class='ocr_line' id='line_1_4' title="bbox 151 455 1683 538; baseline -0.007 -14"><span class='ocrx_word' id='word_1_26' title='bbox 151 467 299 538; x_wconf 84' lang='lat' dir='ltr'><em>Iit&#39;seeptori</em></span> <span class='ocrx_word' id='word_1_27' title='bbox 307 465 380 518; x_wconf 84' lang='lat' dir='ltr'><em>inter</em></span> <span class='ocrx_word' id='word_1_28' title='bbox 391 461 436 514; x_wconf 81' lang='lat' dir='ltr'><em>ss.</em></span> <span class='ocrx_word' id='word_1_29' title='bbox 450 459 538 529; x_wconf 87' lang='lat' dir='ltr'><em>coepit</em></span> <span class='ocrx_word' id='word_1_30' title='bbox 550 474 586 510; x_wconf 93' lang='lat' dir='ltr'><em>on</em></span> <span class='ocrx_word' id='word_1_31' title='bbox 593 455 687 526; x_wconf 78' lang='lat' dir='ltr'><em>iuste?</em></span> <span class='ocrx_word' id='word_1_32' title='bbox 701 475 728 508; x_wconf 89' lang='grc' dir='ltr'><em>ιι.</em></span> <span class='ocrx_word' id='word_1_33' title='bbox 742 457 784 508; x_wconf 77' lang='lat' dir='ltr'><em>tr.</em></span> <span class='ocrx_word' id='word_1_34' title='bbox 1051 479 1078 514; x_wconf 89' lang='lat' dir='ltr'><em>n.</em></span> <span class='ocrx_word' id='word_1_35' title='bbox 1092 463 1138 514; x_wconf 87' lang='grc'><em>61.</em></span> <span class='ocrx_word' id='word_1_36' title='bbox 1681 515 1683 522; x_wconf 63' lang='grc'>,</span> 
     </span>
     <span class='ocr_line' id='line_1_5' title="bbox 152 542 1831 620; baseline -0.005 -14"><span class='ocrx_word' id='word_1_37' title='bbox 152 550 330 619; x_wconf 74' lang='lat' dir='ltr'><em>Affirmetur,</em></span> <span class='ocrx_word' id='word_1_38' title='bbox 344 559 371 600; x_wconf 85' lang='lat' dir='ltr'><em>es</em></span> <span class='ocrx_word' id='word_1_39' title='bbox 384 545 505 599; x_wconf 90' lang='lat' dir='ltr'><em>rutioncs</em></span> <span class='ocrx_word' id='word_1_40' title='bbox 512 561 562 612; x_wconf 86' lang='lat' dir='ltr'><em>pro</em></span> <span class='ocrx_word' id='word_1_41' title='bbox 573 542 714 596; x_wconf 88' lang='lat' dir='ltr'><em>sententio.</em></span> <span class='ocrx_word' id='word_1_42' title='bbox 728 560 757 594; x_wconf 88' lang='grc' dir='ltr'><em>ιι.</em></span> <span class='ocrx_word' id='word_1_43' title='bbox 768 542 813 594; x_wconf 80' lang='lat' dir='ltr'><em>st.</em></span> <span class='ocrx_word' id='word_1_44' title='bbox 1013 547 1104 609; x_wconf 76' lang='lat' dir='ltr'><em>Sceps</em></span> <span class='ocrx_word' id='word_1_45' title='bbox 1121 546 1201 600; x_wconf 85' lang='lat' dir='ltr'><em>etium</em></span> <span class='ocrx_word' id='word_1_46' title='bbox 1212 547 1305 620; x_wconf 76' lang='lat' dir='ltr'><em>jusiese</em></span> <span class='ocrx_word' id='word_1_47' title='bbox 1329 546 1358 599; x_wconf 89' lang='lat' dir='ltr'><em>in</em></span> <span class='ocrx_word' id='word_1_48' title='bbox 1384 545 1565 600; x_wconf 79' lang='lat' dir='ltr'><em>dilationibus</em></span> <span class='ocrx_word' id='word_1_49' title='bbox 1586 544 1765 602; x_wconf 71' lang='lat' dir='ltr'><em>coracesiensis</em></span> <span class='ocrx_word' id='word_1_50' title='bbox 1789 547 1831 598; x_wconf 88' lang='lat' dir='ltr'><em>in·</em></span> 
     </span>
     <span class='ocr_line' id='line_1_6' title="bbox 151 625 1830 702; baseline -0.004 -12"><span class='ocrx_word' id='word_1_51' title='bbox 151 636 270 692; x_wconf 69' lang='lat' dir='ltr'><em>sussen</em></span> <span class='ocrx_word' id='word_1_52' title='bbox 282 634 426 688; x_wconf 81' lang='lat' dir='ltr'><em>tconnsiutn</em></span> <span class='ocrx_word' id='word_1_53' title='bbox 444 630 527 702; x_wconf 71' lang='lat' dir='ltr'><em>icpcm</em></span> <span class='ocrx_word' id='word_1_54' title='bbox 541 644 599 680; x_wconf 91' lang='lat' dir='ltr'><em>non</em></span> <span class='ocrx_word' id='word_1_55' title='bbox 619 626 653 680; x_wconf 82' lang='lat' dir='ltr'><em>de</em></span> <span class='ocrx_word' id='word_1_56' title='bbox 670 627 726 697; x_wconf 71' lang='lat' dir='ltr'><em>iege</em></span> <span class='ocrx_word' id='word_1_57' title='bbox 741 625 865 694; x_wconf 80' lang='lat' dir='ltr'><em>p&#39;usiicorc</em></span> <span class='ocrx_word' id='word_1_58' title='bbox 876 627 962 682; x_wconf 80' lang='lat' dir='ltr'><em>siccet.</em></span> <span class='ocrx_word' id='word_1_59' title='bbox 1048 632 1203 695; x_wconf 87' lang='lat' dir='ltr'><em>tempestiue</em></span> <span class='ocrx_word' id='word_1_60' title='bbox 1222 630 1373 685; x_wconf 70' lang='lat' dir='ltr'><em>misericors</em></span> <span class='ocrx_word' id='word_1_61' title='bbox 1384 629 1461 684; x_wconf 82' lang='lat' dir='ltr'><em>audit</em></span> <span class='ocrx_word' id='word_1_62' title='bbox 1473 647 1582 684; x_wconf 86' lang='lat' dir='ltr'><em>reorum</em></span> <span class='ocrx_word' id='word_1_63' title='bbox 1597 627 1699 698; x_wconf 79' lang='lat' dir='ltr'><em>sotori</em></span> <span class='ocrx_word' id='word_1_64' title='bbox 1717 631 1830 684; x_wconf 86' lang='lat' dir='ltr'><em>nimium</em></span> 
     </span>
     <span class='ocr_line' id='line_1_7' title="bbox 184 713 1298 782; baseline -0.006 -10"><span class='ocrx_word' id='word_1_65' title='bbox 184 738 210 772; x_wconf 93' lang='lat' dir='ltr'><em>n.</em></span> <span class='ocrx_word' id='word_1_66' title='bbox 223 718 268 772; x_wconf 81' lang='lat' dir='ltr'><em>tt.</em></span> <span class='ocrx_word' id='word_1_67' title='bbox 1049 713 1200 782; x_wconf 75' lang='lat' dir='ltr'><em>indulgens.</em></span> <span class='ocrx_word' id='word_1_68' title='bbox 1214 733 1242 768; x_wconf 89' lang='lat' dir='ltr'><em>n.</em></span> <span class='ocrx_word' id='word_1_69' title='bbox 1255 715 1298 766; x_wconf 76' lang='grc'><em>86.</em></span> 
     </span>
     <span class='ocr_line' id='line_1_8' title="bbox 150 793 1830 874; baseline -0.002 -15"><span class='ocrx_word' id='word_1_70' title='bbox 150 802 242 868; x_wconf 80' lang='lat' dir='ltr'><em>iiuiius</em></span> <span class='ocrx_word' id='word_1_71' title='bbox 258 799 345 874; x_wconf 68' lang='lat' dir='ltr'><em>justes</em></span> <span class='ocrx_word' id='word_1_72' title='bbox 375 795 512 866; x_wconf 82' lang='lat' dir='ltr'><em>impetitio</em></span> <span class='ocrx_word' id='word_1_73' title='bbox 532 796 622 866; x_wconf 73' lang='lat' dir='ltr'><em>legum</em></span> <span class='ocrx_word' id='word_1_74' title='bbox 645 814 673 850; x_wconf 84' lang='grc' dir='ltr'><em>ιι</em></span> <span class='ocrx_word' id='word_1_75' title='bbox 704 809 833 848; x_wconf 69' lang='lat' dir='ltr'><em>excutere</em></span> <span class='ocrx_word' id='word_1_76' title='bbox 858 806 962 863; x_wconf 85' lang='lat' dir='ltr'><em>potest,</em></span> <span class='ocrx_word' id='word_1_77' title='bbox 1012 793 1052 848; x_wconf 83' lang='lat' dir='ltr'><em>Sc.</em></span> <span class='ocrx_word' id='word_1_78' title='bbox 1065 797 1124 866; x_wconf 81' lang='lat' dir='ltr'><em>ejus</em></span> <span class='ocrx_word' id='word_1_79' title='bbox 1136 817 1241 868; x_wconf 73' lang='lat' dir='ltr'><em>quoquc</em></span> <span class='ocrx_word' id='word_1_80' title='bbox 1249 797 1451 874; x_wconf 78' lang='lat' dir='ltr'><em>misericordiae</em></span> <span class='ocrx_word' id='word_1_81' title='bbox 1461 815 1524 854; x_wconf 84' lang='lat' dir='ltr'><em>rcus</em></span> <span class='ocrx_word' id='word_1_82' title='bbox 1524 796 1697 869; x_wconf 79' lang='lat' dir='ltr'><em>jieripotcst,</em></span> <span class='ocrx_word' id='word_1_83' title='bbox 1709 799 1830 855; x_wconf 86' lang='lat' dir='ltr'><em>csintur·</em></span> 
     </span>
     <span class='ocr_line' id='line_1_9' title="bbox 183 878 1362 942; baseline 0 -6"><span class='ocrx_word' id='word_1_84' title='bbox 183 903 276 941; x_wconf 86' lang='lat' dir='ltr'><em>eurum</em></span> <span class='ocrx_word' id='word_1_85' title='bbox 304 885 377 938; x_wconf 86' lang='lat' dir='ltr'><em>enim</em></span> <span class='ocrx_word' id='word_1_86' title='bbox 406 883 531 936; x_wconf 79' lang='lat' dir='ltr'><em>conscius</em></span> <span class='ocrx_word' id='word_1_87' title='bbox 560 897 618 934; x_wconf 90' lang='lat' dir='ltr'><em>etse</em></span> <span class='ocrx_word' id='word_1_88' title='bbox 646 881 774 942; x_wconf 78' lang='lat' dir='ltr'><em>deberet,</em></span> <span class='ocrx_word' id='word_1_89' title='bbox 798 889 825 932; x_wconf 95' lang='lat' dir='ltr'><em>ct</em></span> <span class='ocrx_word' id='word_1_90' title='bbox 853 897 910 934; x_wconf 87' lang='lat' dir='ltr'><em>nors</em></span> <span class='ocrx_word' id='word_1_91' title='bbox 933 878 963 932; x_wconf 87' lang='lat' dir='ltr'><em>irs</em></span> <span class='ocrx_word' id='word_1_92' title='bbox 1049 899 1108 936; x_wconf 87' lang='lat' dir='ltr'><em>rere</em></span> <span class='ocrx_word' id='word_1_93' title='bbox 1122 882 1362 938; x_wconf 80' lang='lat' dir='ltr'><em>domnum.n.8³.</em></span> 
     </span>
     <span class='ocr_line' id='line_1_10' title="bbox 175 961 1277 1046; baseline -0.007 -18"><span class='ocrx_word' id='word_1_94' title='bbox 175 971 280 1046; x_wconf 67' lang='lat' dir='ltr'><em>jussio</em></span> <span class='ocrx_word' id='word_1_95' title='bbox 304 986 365 1025; x_wconf 86' lang='lat' dir='ltr'><em>curn</em></span> <span class='ocrx_word' id='word_1_96' title='bbox 377 968 492 1041; x_wconf 81' lang='lat' dir='ltr'><em>jucturo</em></span> <span class='ocrx_word' id='word_1_97' title='bbox 519 966 678 1032; x_wconf 82' lang='lat' dir='ltr'><em>oiicnosum</em></span> <span class='ocrx_word' id='word_1_98' title='bbox 698 966 835 1020; x_wconf 83' lang='lat' dir='ltr'><em>bonorum</em></span> <span class='ocrx_word' id='word_1_99' title='bbox 853 961 963 1018; x_wconf 78' lang='lat' dir='ltr'><em>versari.</em></span> <span class='ocrx_word' id='word_1_100' title='bbox 1013 965 1176 1034; x_wconf 77' lang='lat' dir='ltr'><em>Ejusrotio.</em></span> <span class='ocrx_word' id='word_1_101' title='bbox 1190 987 1218 1022; x_wconf 86' lang='lat' dir='ltr'><em>n.</em></span> <span class='ocrx_word' id='word_1_102' title='bbox 1233 967 1277 1020; x_wconf 83' lang='grc'><em>61.</em></span> 
     </span>
     <span class='ocr_line' id='line_1_11' title="bbox 183 1051 1830 1121; baseline 0.009 -24"><span class='ocrx_word' id='word_1_103' title='bbox 183 1073 211 1108; x_wconf 74' lang='grc'><strong>..</strong></span> <span class='ocrx_word' id='word_1_104' title='bbox 223 1055 266 1108; x_wconf 66' lang='grc'><em>55,</em></span> <span class='ocrx_word' id='word_1_105' title='bbox 1019 1053 1118 1106; x_wconf 89' lang='lat' dir='ltr'><em>Verum</em></span> <span class='ocrx_word' id='word_1_106' title='bbox 1133 1053 1238 1108; x_wconf 80' lang='lat' dir='ltr'><em>cotibus</em></span> <span class='ocrx_word' id='word_1_107' title='bbox 1245 1053 1274 1106; x_wconf 89' lang='lat' dir='ltr'><em>in</em></span> <span class='ocrx_word' id='word_1_108' title='bbox 1286 1052 1503 1121; x_wconf 69' lang='lat' dir='ltr'><em>praecedentibus</em></span> <span class='ocrx_word' id='word_1_109' title='bbox 1515 1051 1592 1108; x_wconf 77' lang='lat' dir='ltr'><em>iistis</em></span> <span class='ocrx_word' id='word_1_110' title='bbox 1602 1063 1659 1110; x_wconf 91' lang='lat' dir='ltr'><em>tum</em></span> <span class='ocrx_word' id='word_1_111' title='bbox 1671 1055 1777 1110; x_wconf 79' lang='lat' dir='ltr'><em>demum</em></span> <span class='ocrx_word' id='word_1_112' title='bbox 1790 1068 1830 1111; x_wconf 92' lang='lat' dir='ltr'><em>tc·</em></span> 
     </span>
     <span class='ocr_line' id='line_1_12' title="bbox 150 1131 1740 1210; baseline -0.001 -18"><span class='ocrx_word' id='word_1_113' title='bbox 150 1141 192 1192; x_wconf 86' lang='lat' dir='ltr'><em>tu</em></span> <span class='ocrx_word' id='word_1_114' title='bbox 207 1147 339 1194; x_wconf 74' lang='lat' dir='ltr'><em>uertentes</em></span> <span class='ocrx_word' id='word_1_115' title='bbox 361 1135 437 1191; x_wconf 86' lang='lat' dir='ltr'><em>iitcrn</em></span> <span class='ocrx_word' id='word_1_116' title='bbox 463 1151 544 1190; x_wconf 90' lang='lat' dir='ltr'><em>tuom</em></span> <span class='ocrx_word' id='word_1_117' title='bbox 553 1133 688 1204; x_wconf 81' lang='lat' dir='ltr'><em>fuciunt,</em></span> <span class='ocrx_word' id='word_1_118' title='bbox 699 1145 724 1188; x_wconf 91' lang='lat' dir='ltr'><em>et</em></span> <span class='ocrx_word' id='word_1_119' title='bbox 741 1132 809 1206; x_wconf 70' lang='lat' dir='ltr'><em>quid</em></span> <span class='ocrx_word' id='word_1_120' title='bbox 825 1131 892 1188; x_wconf 83' lang='lat' dir='ltr'><em>iiiud</em></span> <span class='ocrx_word' id='word_1_121' title='bbox 908 1131 965 1186; x_wconf 80' lang='lat' dir='ltr'><em>titi</em></span> <span class='ocrx_word' id='word_1_122' title='bbox 1049 1149 1140 1206; x_wconf 85' lang='lat' dir='ltr'><em>netur,</em></span> <span class='ocrx_word' id='word_1_123' title='bbox 1152 1135 1179 1192; x_wconf 78' lang='lat' dir='ltr'><em>ci</em></span> <span class='ocrx_word' id='word_1_124' title='bbox 1185 1153 1250 1206; x_wconf 86' lang='lat' dir='ltr'><em>pers</em></span> <span class='ocrx_word' id='word_1_125' title='bbox 1263 1140 1337 1192; x_wconf 81' lang='lat' dir='ltr'><em>insto</em></span> <span class='ocrx_word' id='word_1_126' title='bbox 1348 1137 1474 1193; x_wconf 78' lang='lat' dir='ltr'><em>interme</em></span> <span class='ocrx_word' id='word_1_127' title='bbox 1483 1139 1644 1210; x_wconf 82' lang='lat' dir='ltr'><em>proioocrit.</em></span> <span class='ocrx_word' id='word_1_128' title='bbox 1656 1157 1683 1192; x_wconf 88' lang='lat' dir='ltr'><em>n.</em></span> <span class='ocrx_word' id='word_1_129' title='bbox 1695 1141 1740 1194; x_wconf 75' lang='grc'><strong>85.</strong></span> 
     </span>
     <span class='ocr_line' id='line_1_13' title="bbox 184 1222 270 1275; baseline -0.023 0"><span class='ocrx_word' id='word_1_130' title='bbox 184 1241 211 1275; x_wconf 88' lang='lat' dir='ltr'><em>n.</em></span> <span class='ocrx_word' id='word_1_131' title='bbox 225 1222 270 1274; x_wconf 83' lang='grc'><em>66.</em></span> 
     </span>
     <span class='ocr_line' id='line_1_14' title="bbox 152 1257 1863 1377; baseline 0.002 -20"><span class='ocrx_word' id='word_1_132' title='bbox 152 1306 212 1358; x_wconf 78' lang='lat' dir='ltr'><em>Non</em></span> <span class='ocrx_word' id='word_1_133' title='bbox 231 1301 528 1371; x_wconf 77' lang='lat' dir='ltr'><em>mirensium,ircdiecm</em></span> <span class='ocrx_word' id='word_1_134' title='bbox 548 1320 607 1356; x_wconf 87' lang='lat' dir='ltr'><em>non</em></span> <span class='ocrx_word' id='word_1_135' title='bbox 626 1320 664 1358; x_wconf 72' lang='grc' dir='ltr'><em>ιι</em></span> <span class='ocrx_word' id='word_1_136' title='bbox 682 1301 825 1368; x_wconf 65' lang='lat' dir='ltr'><em>uermes</em></span> <span class='ocrx_word' id='word_1_137' title='bbox 839 1301 964 1370; x_wconf 63' lang='lat' dir='ltr'><em>quoties</em></span> <span class='ocrx_word' id='word_1_138' title='bbox 1018 1257 1169 1376; x_wconf 81' lang='lat' dir='ltr'><em>postquem</em></span> <span class='ocrx_word' id='word_1_139' title='bbox 1196 1305 1229 1359; x_wconf 78' lang='lat' dir='ltr'><em>sie</em></span> <span class='ocrx_word' id='word_1_140' title='bbox 1254 1305 1405 1376; x_wconf 76' lang='lat' dir='ltr'><em>megistrstu</em></span> <span class='ocrx_word' id='word_1_141' title='bbox 1430 1305 1637 1359; x_wconf 78' lang='lat' dir='ltr'><em>misericordium</em></span> <span class='ocrx_word' id='word_1_142' title='bbox 1663 1307 1863 1377; x_wconf 64' lang='lat' dir='ltr'><em>interipsum-1</em></span> 
     </span>
     <span class='ocr_line' id='line_1_15' title="bbox 181 1388 1830 1459; baseline 0.001 -15"><span class='ocrx_word' id='word_1_143' title='bbox 181 1389 274 1446; x_wconf 79' lang='lat' dir='ltr'><em>dciisto</em></span> <span class='ocrx_word' id='word_1_144' title='bbox 286 1389 444 1459; x_wconf 73' lang='lat' dir='ltr'><em>reunsficri,</em></span> <span class='ocrx_word' id='word_1_145' title='bbox 460 1409 488 1444; x_wconf 93' lang='lat' dir='ltr'><em>n.</em></span> <span class='ocrx_word' id='word_1_146' title='bbox 497 1391 541 1442; x_wconf 84' lang='grc'><em>67.</em></span> <span class='ocrx_word' id='word_1_147' title='bbox 1014 1407 1068 1443; x_wconf 79' lang='lat' dir='ltr'><em>sum</em></span> <span class='ocrx_word' id='word_1_148' title='bbox 1089 1389 1240 1444; x_wconf 69' lang='lat' dir='ltr'>incurrente</span> <span class='ocrx_word' id='word_1_149' title='bbox 1260 1399 1396 1443; x_wconf 79' lang='lat' dir='ltr'><em>trectstum</em></span> <span class='ocrx_word' id='word_1_150' title='bbox 1415 1400 1456 1442; x_wconf 87' lang='lat' dir='ltr'><em>est</em></span> <span class='ocrx_word' id='word_1_151' title='bbox 1470 1388 1601 1452; x_wconf 85' lang='lat' dir='ltr'><em>hsotcous,</em></span> <span class='ocrx_word' id='word_1_152' title='bbox 1615 1390 1646 1441; x_wconf 86' lang='lat' dir='ltr'><em>de</em></span> <span class='ocrx_word' id='word_1_153' title='bbox 1660 1391 1746 1458; x_wconf 81' lang='lat' dir='ltr'><em>judice</em></span> <span class='ocrx_word' id='word_1_154' title='bbox 1757 1410 1830 1446; x_wconf 79' lang='lat' dir='ltr'><em>nuno</em></span> 
     </span>
     <span class='ocr_line' id='line_1_16' title="bbox 150 1473 1828 1548; baseline -0.002 -16"><span class='ocrx_word' id='word_1_155' title='bbox 150 1479 182 1532; x_wconf 85' lang='lat' dir='ltr'><em>tt</em></span> <span class='ocrx_word' id='word_1_156' title='bbox 199 1481 270 1532; x_wconf 85' lang='lat' dir='ltr'><em>enirn</em></span> <span class='ocrx_word' id='word_1_157' title='bbox 289 1495 326 1532; x_wconf 69' lang='lat' dir='ltr'><em>ca·</em></span> <span class='ocrx_word' id='word_1_158' title='bbox 343 1477 533 1548; x_wconf 68' lang='lat' dir='ltr'><em>suppositione</em></span> <span class='ocrx_word' id='word_1_159' title='bbox 550 1475 747 1547; x_wconf 76' lang='lat' dir='ltr'><em>principiorum</em></span> <span class='ocrx_word' id='word_1_160' title='bbox 764 1473 836 1544; x_wconf 71' lang='lat' dir='ltr'><em>juris</em></span> <span class='ocrx_word' id='word_1_161' title='bbox 853 1474 967 1528; x_wconf 82' lang='lat' dir='ltr'><em>romoni</em></span> <span class='ocrx_word' id='word_1_162' title='bbox 1014 1474 1225 1544; x_wconf 81' lang='lat' dir='ltr'><em>intempestivum</em></span> <span class='ocrx_word' id='word_1_163' title='bbox 1246 1474 1458 1528; x_wconf 77' lang='lat' dir='ltr'><em>misericordium</em></span> <span class='ocrx_word' id='word_1_164' title='bbox 1475 1477 1627 1529; x_wconf 82' lang='lat' dir='ltr'><em>incurrente</em></span> <span class='ocrx_word' id='word_1_165' title='bbox 1637 1493 1713 1544; x_wconf 69' lang='lat' dir='ltr'><em>spere</em></span> <span class='ocrx_word' id='word_1_166' title='bbox 1728 1479 1828 1532; x_wconf 84' lang='lat' dir='ltr'><em>metho-</em></span> 
     </span>
     <span class='ocr_line' id='line_1_17' title="bbox 183 1558 1866 1632; baseline 0.003 -20"><span class='ocrx_word' id='word_1_167' title='bbox 183 1579 211 1612; x_wconf 84' lang='lat' dir='ltr'><em>n.</em></span> <span class='ocrx_word' id='word_1_168' title='bbox 223 1561 267 1612; x_wconf 79' lang='grc'><em>66.</em></span> <span class='ocrx_word' id='word_1_169' title='bbox 1012 1558 1060 1612; x_wconf 76' lang='lat' dir='ltr'><em>ius</em></span> <span class='ocrx_word' id='word_1_170' title='bbox 1079 1559 1170 1626; x_wconf 80' lang='lat' dir='ltr'><em>exigit.</em></span> <span class='ocrx_word' id='word_1_171' title='bbox 1186 1558 1353 1628; x_wconf 67' lang='lat' dir='ltr'><em>magistratus</em></span> <span class='ocrx_word' id='word_1_172' title='bbox 1371 1560 1479 1632; x_wconf 79' lang='lat' dir='ltr'><em>quippe,</em></span> <span class='ocrx_word' id='word_1_173' title='bbox 1495 1575 1545 1630; x_wconf 84' lang='lat' dir='ltr'><em>qus</em></span> <span class='ocrx_word' id='word_1_174' title='bbox 1565 1558 1633 1624; x_wconf 80' lang='lat' dir='ltr'><em>telis,</em></span> <span class='ocrx_word' id='word_1_175' title='bbox 1653 1561 1770 1628; x_wconf 78' lang='lat' dir='ltr'><em>politium</em></span> <span class='ocrx_word' id='word_1_176' title='bbox 1786 1581 1827 1618; x_wconf 87' lang='lat' dir='ltr'><em>cu·</em></span> <span class='ocrx_word' id='word_1_177' title='bbox 1848 1571 1866 1622; x_wconf 70' lang='grc'>2</span> 
     </span>
     <span class='ocr_line' id='line_1_18' title="bbox 148 1640 1830 1715; baseline 0 -17"><span class='ocrx_word' id='word_1_178' title='bbox 148 1645 207 1698; x_wconf 75' lang='lat' dir='ltr'><em>Non</em></span> <span class='ocrx_word' id='word_1_179' title='bbox 225 1643 333 1706; x_wconf 79' lang='lat' dir='ltr'><em>obstet,</em></span> <span class='ocrx_word' id='word_1_180' title='bbox 345 1640 419 1710; x_wconf 70' lang='lat' dir='ltr'><em>quoti</em></span> <span class='ocrx_word' id='word_1_181' title='bbox 439 1642 624 1696; x_wconf 79' lang='lat' dir='ltr'><em>misericordie</em></span> <span class='ocrx_word' id='word_1_182' title='bbox 641 1643 738 1698; x_wconf 79' lang='lat' dir='ltr'><em>ductus</em></span> <span class='ocrx_word' id='word_1_183' title='bbox 755 1645 826 1696; x_wconf 82' lang='lat' dir='ltr'><em>mois</em></span> <span class='ocrx_word' id='word_1_184' title='bbox 837 1645 964 1714; x_wconf 75' lang='lat' dir='ltr'><em>iudicans</em></span> <span class='ocrx_word' id='word_1_185' title='bbox 1013 1651 1069 1705; x_wconf 68' lang='lat' dir='ltr'><em>rosc</em></span> <span class='ocrx_word' id='word_1_186' title='bbox 1086 1641 1165 1710; x_wconf 82' lang='lat' dir='ltr'><em>judex</em></span> <span class='ocrx_word' id='word_1_187' title='bbox 1185 1657 1243 1696; x_wconf 82' lang='lat' dir='ltr'><em>sero</em></span> <span class='ocrx_word' id='word_1_188' title='bbox 1260 1641 1293 1694; x_wconf 79' lang='lat' dir='ltr'><em>dc</em></span> <span class='ocrx_word' id='word_1_189' title='bbox 1310 1643 1492 1697; x_wconf 80' lang='lat' dir='ltr'><em>controversiis</em></span> <span class='ocrx_word' id='word_1_190' title='bbox 1511 1643 1538 1694; x_wconf 87' lang='lat' dir='ltr'><em>iu</em></span> <span class='ocrx_word' id='word_1_191' title='bbox 1563 1643 1691 1711; x_wconf 77' lang='lat' dir='ltr'><em>judicium</em></span> <span class='ocrx_word' id='word_1_192' title='bbox 1710 1647 1830 1715; x_wconf 81' lang='lat' dir='ltr'><em>legitime</em></span> 
     </span>
     <span class='ocr_line' id='line_1_19' title="bbox 179 1723 1827 1802; baseline -0.001 -18"><span class='ocrx_word' id='word_1_193' title='bbox 179 1731 206 1784; x_wconf 82' lang='lat' dir='ltr'><em>in</em></span> <span class='ocrx_word' id='word_1_194' title='bbox 227 1727 369 1784; x_wconf 71' lang='lat' dir='ltr'><em>duriorem</em></span> <span class='ocrx_word' id='word_1_195' title='bbox 396 1728 504 1782; x_wconf 81' lang='lat' dir='ltr'><em>modum</em></span> <span class='ocrx_word' id='word_1_196' title='bbox 518 1724 614 1794; x_wconf 89' lang='lat' dir='ltr'><em>suerit</em></span> <span class='ocrx_word' id='word_1_197' title='bbox 629 1727 778 1784; x_wconf 84' lang='lat' dir='ltr'><em>domnutut</em></span> <span class='ocrx_word' id='word_1_198' title='bbox 795 1747 833 1783; x_wconf 72' lang='lat' dir='ltr'><em>cn</em></span> <span class='ocrx_word' id='word_1_199' title='bbox 857 1733 877 1782; x_wconf 87' lang='grc'><em>1.</em></span> <span class='ocrx_word' id='word_1_200' title='bbox 895 1729 919 1780; x_wconf 70' lang='lat' dir='ltr'><em>i.</em></span> <span class='ocrx_word' id='word_1_201' title='bbox 940 1745 962 1780; x_wconf 89' lang='lat' dir='ltr'><em>c.</em></span> <span class='ocrx_word' id='word_1_202' title='bbox 1012 1723 1131 1780; x_wconf 79' lang='lat' dir='ltr'><em>deductis</em></span> <span class='ocrx_word' id='word_1_203' title='bbox 1149 1727 1256 1794; x_wconf 71' lang='lat' dir='ltr'><em>judiees,</em></span> <span class='ocrx_word' id='word_1_204' title='bbox 1276 1739 1299 1781; x_wconf 89' lang='lat' dir='ltr'><em>ct</em></span> <span class='ocrx_word' id='word_1_205' title='bbox 1316 1727 1449 1796; x_wconf 75' lang='lat' dir='ltr'><em>judicisiie</em></span> <span class='ocrx_word' id='word_1_206' title='bbox 1467 1737 1572 1780; x_wconf 77' lang='grc' dir='ltr'><strong>ιιιιιιιι</strong></span> <span class='ocrx_word' id='word_1_207' title='bbox 1592 1728 1827 1802; x_wconf 84' lang='lat' dir='ltr'><em>utriusqusitsque</em></span> 
     </span>
     <span class='ocr_line' id='line_1_20' title="bbox 179 1811 1827 1882; baseline 0.004 -18"><span class='ocrx_word' id='word_1_208' title='bbox 179 1815 205 1865; x_wconf 80' lang='grc'><em>6.</em></span> <span class='ocrx_word' id='word_1_209' title='bbox 223 1829 302 1882; x_wconf 83' lang='lat' dir='ltr'><em>poen.</em></span> <span class='ocrx_word' id='word_1_210' title='bbox 320 1812 437 1878; x_wconf 73' lang='lat' dir='ltr'><em>iudicis,</em></span> <span class='ocrx_word' id='word_1_211' title='bbox 453 1812 500 1880; x_wconf 84' lang='lat' dir='ltr'><em>qui</em></span> <span class='ocrx_word' id='word_1_212' title='bbox 515 1813 585 1866; x_wconf 82' lang='lat' dir='ltr'><em>mule</em></span> <span class='ocrx_word' id='word_1_213' title='bbox 598 1811 729 1878; x_wconf 76' lang='lat' dir='ltr'><em>iudiceris.</em></span> <span class='ocrx_word' id='word_1_214' title='bbox 744 1832 772 1868; x_wconf 90' lang='lat' dir='ltr'><em>n.</em></span> <span class='ocrx_word' id='word_1_215' title='bbox 783 1813 827 1867; x_wconf 79' lang='lat' dir='ltr'><em>ts.</em></span> <span class='ocrx_word' id='word_1_216' title='bbox 1014 1812 1103 1864; x_wconf 86' lang='lat' dir='ltr'><em>muuis</em></span> <span class='ocrx_word' id='word_1_217' title='bbox 1123 1812 1310 1866; x_wconf 73' lang='lat' dir='ltr'><em>diverterunt.</em></span> <span class='ocrx_word' id='word_1_218' title='bbox 1328 1813 1388 1866; x_wconf 85' lang='lat' dir='ltr'><em>ioh.</em></span> <span class='ocrx_word' id='word_1_219' title='bbox 1408 1813 1543 1866; x_wconf 79' lang='lat' dir='ltr'><em>neoeteus</em></span> <span class='ocrx_word' id='word_1_220' title='bbox 1561 1811 1702 1868; x_wconf 77' lang='lat' dir='ltr'><em>Bocelmus</em></span> <span class='ocrx_word' id='word_1_221' title='bbox 1724 1815 1827 1870; x_wconf 76' lang='lat' dir='ltr'><em>dissors.</em></span> 
     </span>
     <span class='ocr_line' id='line_1_21' title="bbox 146 1896 1862 1974; baseline 0.003 -22"><span class='ocrx_word' id='word_1_222' title='bbox 146 1896 688 1964; x_wconf 63' lang='lat' dir='ltr'><em>Assertio-etioexlegibuscostoreism.</em></span> <span class='ocrx_word' id='word_1_223' title='bbox 702 1899 746 1950; x_wconf 87' lang='grc'><em>60.</em></span> <span class='ocrx_word' id='word_1_224' title='bbox 812 1967 814 1974; x_wconf 28' lang='lat'><strong><em>¹</em></strong></span> <span class='ocrx_word' id='word_1_225' title='bbox 1009 1898 1087 1967; x_wconf 83' lang='lat' dir='ltr'><em>polit.</em></span> <span class='ocrx_word' id='word_1_226' title='bbox 1106 1899 1147 1952; x_wconf 89' lang='lat'><em>10.</em></span> <span class='ocrx_word' id='word_1_227' title='bbox 1168 1897 1313 1969; x_wconf 78' lang='lat' dir='ltr'><em>Authusm</em></span> <span class='ocrx_word' id='word_1_228' title='bbox 1333 1914 1395 1952; x_wconf 80' lang='lat' dir='ltr'><em>sero</em></span> <span class='ocrx_word' id='word_1_229' title='bbox 1419 1897 1469 1952; x_wconf 78' lang='lat' dir='ltr'><em>hoe</em></span> <span class='ocrx_word' id='word_1_230' title='bbox 1494 1898 1593 1952; x_wconf 86' lang='lat' dir='ltr'><em>iutuitu</em></span> <span class='ocrx_word' id='word_1_231' title='bbox 1617 1916 1713 1954; x_wconf 85' lang='lat' dir='ltr'><em>munus</em></span> <span class='ocrx_word' id='word_1_232' title='bbox 1742 1902 1862 1970; x_wconf 69' lang='lat' dir='ltr'><em>ipsimi</em></span> 
     </span>
     <span class='ocr_line' id='line_1_22' title="bbox 152 1979 1831 2054; baseline 0.001 -20"><span class='ocrx_word' id='word_1_233' title='bbox 152 1983 248 2038; x_wconf 82' lang='lat' dir='ltr'><em>Verum</em></span> <span class='ocrx_word' id='word_1_234' title='bbox 261 1983 387 2036; x_wconf 76' lang='lat' dir='ltr'><em>delictum</em></span> <span class='ocrx_word' id='word_1_235' title='bbox 400 1982 483 2036; x_wconf 85' lang='lat' dir='ltr'><em>etium</em></span> <span class='ocrx_word' id='word_1_236' title='bbox 496 1980 650 2046; x_wconf 80' lang='lat' dir='ltr'><em>commissis,</em></span> <span class='ocrx_word' id='word_1_237' title='bbox 663 1979 711 2050; x_wconf 79' lang='lat' dir='ltr'><em>qui</em></span> <span class='ocrx_word' id='word_1_238' title='bbox 719 1981 872 2036; x_wconf 77' lang='lat' dir='ltr'><em>dissimulet</em></span> <span class='ocrx_word' id='word_1_239' title='bbox 885 1996 964 2036; x_wconf 87' lang='lat' dir='ltr'><em>tuom</em></span> <span class='ocrx_word' id='word_1_240' title='bbox 1012 1985 1208 2046; x_wconf 75' lang='lat' dir='ltr'><em>examinemus,</em></span> <span class='ocrx_word' id='word_1_241' title='bbox 1226 1982 1447 2036; x_wconf 80' lang='lat' dir='ltr'><em>eousidctsnium</em></span> <span class='ocrx_word' id='word_1_242' title='bbox 1466 1980 1545 2036; x_wconf 84' lang='lat' dir='ltr'><em>initio</em></span> <span class='ocrx_word' id='word_1_243' title='bbox 1561 1993 1616 2048; x_wconf 82' lang='lat' dir='ltr'><em>est,</em></span> <span class='ocrx_word' id='word_1_244' title='bbox 1635 2000 1698 2038; x_wconf 82' lang='lat' dir='ltr'><em>uum</em></span> <span class='ocrx_word' id='word_1_245' title='bbox 1717 1983 1759 2038; x_wconf 85' lang='lat' dir='ltr'><em>ilii</em></span> <span class='ocrx_word' id='word_1_246' title='bbox 1775 1987 1831 2054; x_wconf 82' lang='lat' dir='ltr'><em>opi·</em></span> 
     </span>
     <span class='ocr_line' id='line_1_23' title="bbox 179 2065 1830 2138; baseline 0.002 -20"><span class='ocrx_word' id='word_1_247' title='bbox 179 2066 357 2130; x_wconf 79' lang='lat' dir='ltr'><em>imperitiam,</em></span> <span class='ocrx_word' id='word_1_248' title='bbox 370 2065 506 2136; x_wconf 72' lang='lat' dir='ltr'><em>etiudies&#39;s</em></span> <span class='ocrx_word' id='word_1_249' title='bbox 516 2084 615 2122; x_wconf 90' lang='lat' dir='ltr'><em>munus</em></span> <span class='ocrx_word' id='word_1_250' title='bbox 628 2066 722 2120; x_wconf 83' lang='lat' dir='ltr'><em>omiit.</em></span> <span class='ocrx_word' id='word_1_251' title='bbox 734 2085 762 2121; x_wconf 92' lang='lat' dir='ltr'><em>n.</em></span> <span class='ocrx_word' id='word_1_252' title='bbox 776 2068 821 2119; x_wconf 89' lang='grc'><em>61.</em></span> <span class='ocrx_word' id='word_1_253' title='bbox 1013 2067 1102 2118; x_wconf 78' lang='lat' dir='ltr'><em>sionis</em></span> <span class='ocrx_word' id='word_1_254' title='bbox 1119 2083 1181 2121; x_wconf 88' lang='lat' dir='ltr'><em>suse</em></span> <span class='ocrx_word' id='word_1_255' title='bbox 1198 2083 1231 2122; x_wconf 80' lang='lat' dir='ltr'><em>ex</em></span> <span class='ocrx_word' id='word_1_256' title='bbox 1248 2069 1301 2134; x_wconf 73' lang='lat' dir='ltr'><em>lep.</em></span> <span class='ocrx_word' id='word_1_257' title='bbox 1320 2067 1468 2136; x_wconf 71' lang='lat' dir='ltr'><em>patrocinio</em></span> <span class='ocrx_word' id='word_1_258' title='bbox 1493 2066 1637 2134; x_wconf 71' lang='lat' dir='ltr'><em>perrierus,</em></span> <span class='ocrx_word' id='word_1_259' title='bbox 1664 2069 1712 2138; x_wconf 89' lang='lat' dir='ltr'><em>qui</em></span> <span class='ocrx_word' id='word_1_260' title='bbox 1738 2071 1830 2124; x_wconf 81' lang='lat' dir='ltr'><em>osuuis</em></span> 
     </span>
     <span class='ocr_line' id='line_1_24' title="bbox 153 2151 1828 2224; baseline 0.001 -20"><span class='ocrx_word' id='word_1_261' title='bbox 153 2151 250 2204; x_wconf 79' lang='lat' dir='ltr'><em>Verum</em></span> <span class='ocrx_word' id='word_1_262' title='bbox 282 2153 313 2204; x_wconf 83' lang='lat' dir='ltr'><em>iri</em></span> <span class='ocrx_word' id='word_1_263' title='bbox 341 2169 399 2205; x_wconf 88' lang='lat' dir='ltr'><em>non</em></span> <span class='ocrx_word' id='word_1_264' title='bbox 426 2161 556 2221; x_wconf 83' lang='lat' dir='ltr'><em>portent,</em></span> <span class='ocrx_word' id='word_1_265' title='bbox 586 2153 634 2206; x_wconf 76' lang='lat' dir='ltr'><em>sci</em></span> <span class='ocrx_word' id='word_1_266' title='bbox 655 2152 778 2224; x_wconf 83' lang='lat' dir='ltr'><em>judicem</em></span> <span class='ocrx_word' id='word_1_267' title='bbox 809 2157 956 2207; x_wconf 85' lang='lat' dir='ltr'><em>concernit.</em></span> <span class='ocrx_word' id='word_1_268' title='bbox 1012 2152 1101 2220; x_wconf 80' lang='lat' dir='ltr'><em>potius</em></span> <span class='ocrx_word' id='word_1_269' title='bbox 1117 2153 1317 2206; x_wconf 71' lang='lat' dir='ltr'><em>idiomatibus</em></span> <span class='ocrx_word' id='word_1_270' title='bbox 1335 2153 1388 2204; x_wconf 89' lang='lat' dir='ltr'><em>sibi</em></span> <span class='ocrx_word' id='word_1_271' title='bbox 1407 2157 1549 2206; x_wconf 78' lang='lat' dir='ltr'><em>conectere</em></span> <span class='ocrx_word' id='word_1_272' title='bbox 1567 2155 1683 2220; x_wconf 84' lang='lat' dir='ltr'><em>msluut,</em></span> <span class='ocrx_word' id='word_1_273' title='bbox 1700 2171 1779 2222; x_wconf 85' lang='lat' dir='ltr'><em>quem</em></span> <span class='ocrx_word' id='word_1_274' title='bbox 1798 2155 1828 2206; x_wconf 83' lang='lat' dir='ltr'><em>ii·</em></span> 
     </span>
     <span class='ocr_line' id='line_1_25' title="bbox 180 2233 1830 2308; baseline 0.002 -22"><span class='ocrx_word' id='word_1_275' title='bbox 180 2253 207 2286; x_wconf 90' lang='lat' dir='ltr'><em>n.</em></span> <span class='ocrx_word' id='word_1_276' title='bbox 220 2233 266 2285; x_wconf 71' lang='lat'><em>⁶2</em></span> <span class='ocrx_word' id='word_1_277' title='bbox 1014 2235 1095 2302; x_wconf 80' lang='lat' dir='ltr'><em>sigere</em></span> <span class='ocrx_word' id='word_1_278' title='bbox 1114 2235 1142 2288; x_wconf 93' lang='lat' dir='ltr'><em>in</em></span> <span class='ocrx_word' id='word_1_279' title='bbox 1160 2233 1268 2305; x_wconf 82' lang='lat' dir='ltr'><em>jndicio,</em></span> <span class='ocrx_word' id='word_1_280' title='bbox 1286 2247 1309 2289; x_wconf 86' lang='lat' dir='ltr'><em>ct</em></span> <span class='ocrx_word' id='word_1_281' title='bbox 1328 2235 1388 2290; x_wconf 78' lang='lat' dir='ltr'><em>ideo</em></span> <span class='ocrx_word' id='word_1_282' title='bbox 1401 2235 1503 2302; x_wconf 78' lang='lat' dir='ltr'><em>juditia</em></span> <span class='ocrx_word' id='word_1_283' title='bbox 1521 2236 1663 2304; x_wconf 68' lang='lat' dir='ltr'><em>sejustus</em></span> <span class='ocrx_word' id='word_1_284' title='bbox 1682 2253 1697 2288; x_wconf 87' lang='grc' dir='ltr'><em>ι</em></span> <span class='ocrx_word' id='word_1_285' title='bbox 1715 2238 1830 2308; x_wconf 83' lang='lat' dir='ltr'><em>republi-</em></span> 
     </span>
     <span class='ocr_line' id='line_1_26' title="bbox 149 2314 1832 2392; baseline 0.003 -24"><span class='ocrx_word' id='word_1_286' title='bbox 149 2317 203 2368; x_wconf 82' lang='grc' dir='ltr'><em>Νιι</em></span> <span class='ocrx_word' id='word_1_287' title='bbox 213 2314 360 2386; x_wconf 77' lang='lat' dir='ltr'><em>ocoor&#39;totis</em></span> <span class='ocrx_word' id='word_1_288' title='bbox 377 2319 504 2384; x_wconf 83' lang='lat' dir='ltr'><em>speciose</em></span> <span class='ocrx_word' id='word_1_289' title='bbox 516 2319 688 2373; x_wconf 74' lang='lat' dir='ltr'><em>cecutosisoe</em></span> <span class='ocrx_word' id='word_1_290' title='bbox 704 2335 769 2374; x_wconf 81' lang='lat' dir='ltr'><em>catu</em></span> <span class='ocrx_word' id='word_1_291' title='bbox 781 2317 887 2390; x_wconf 78' lang='lat' dir='ltr'><em>judee,</em></span> <span class='ocrx_word' id='word_1_292' title='bbox 899 2323 963 2392; x_wconf 81' lang='lat' dir='ltr'><em>quio</em></span> <span class='ocrx_word' id='word_1_293' title='bbox 1013 2335 1042 2370; x_wconf 84' lang='lat' dir='ltr'><em>es</em></span> <span class='ocrx_word' id='word_1_294' title='bbox 1063 2317 1167 2385; x_wconf 83' lang='lat' dir='ltr'><em>penisus</em></span> <span class='ocrx_word' id='word_1_295' title='bbox 1184 2319 1289 2372; x_wconf 77' lang='lat' dir='ltr'><em>exulare</em></span> <span class='ocrx_word' id='word_1_296' title='bbox 1306 2317 1402 2373; x_wconf 84' lang='lat' dir='ltr'><em>debere</em></span> <span class='ocrx_word' id='word_1_297' title='bbox 1419 2331 1566 2385; x_wconf 74' lang='lat' dir='ltr'><em>insumunt,</em></span> <span class='ocrx_word' id='word_1_298' title='bbox 1591 2321 1780 2374; x_wconf 71' lang='lat' dir='ltr'><em>conscientium</em></span> <span class='ocrx_word' id='word_1_299' title='bbox 1804 2331 1832 2374; x_wconf 89' lang='lat' dir='ltr'><em>es</em></span> 
     </span>
     <span class='ocr_line' id='line_1_27' title="bbox 180 2399 1830 2475; baseline 0.001 -21"><span class='ocrx_word' id='word_1_300' title='bbox 180 2401 305 2471; x_wconf 81' lang='lat' dir='ltr'><em>nequitus</em></span> <span class='ocrx_word' id='word_1_301' title='bbox 317 2399 369 2456; x_wconf 84' lang='lat' dir='ltr'><em>isto</em></span> <span class='ocrx_word' id='word_1_302' title='bbox 381 2411 422 2454; x_wconf 91' lang='lat' dir='ltr'><em>ctt</em></span> <span class='ocrx_word' id='word_1_303' title='bbox 435 2413 533 2456; x_wconf 80' lang='lat' dir='ltr'><em>eontra</em></span> <span class='ocrx_word' id='word_1_304' title='bbox 543 2403 623 2471; x_wconf 68' lang='lat' dir='ltr'><em>iuges.</em></span> <span class='ocrx_word' id='word_1_305' title='bbox 636 2421 663 2456; x_wconf 88' lang='grc' dir='ltr'><em>ιι.</em></span> <span class='ocrx_word' id='word_1_306' title='bbox 677 2403 722 2454; x_wconf 79' lang='grc'><em>66.</em></span> <span class='ocrx_word' id='word_1_307' title='bbox 1013 2401 1109 2469; x_wconf 71' lang='lat' dir='ltr'><em>regium</em></span> <span class='ocrx_word' id='word_1_308' title='bbox 1129 2404 1211 2472; x_wconf 76' lang='lat' dir='ltr'><em>legem</em></span> <span class='ocrx_word' id='word_1_309' title='bbox 1230 2403 1263 2454; x_wconf 79' lang='lat' dir='ltr'><em>sie</em></span> <span class='ocrx_word' id='word_1_310' title='bbox 1280 2402 1408 2457; x_wconf 78' lang='lat' dir='ltr'><em>charitose</em></span> <span class='ocrx_word' id='word_1_311' title='bbox 1424 2408 1610 2475; x_wconf 76' lang='lat' dir='ltr'><em>cuiuscumque</em></span> <span class='ocrx_word' id='word_1_312' title='bbox 1633 2404 1742 2458; x_wconf 84' lang='lat' dir='ltr'><em>sotionis</em></span> <span class='ocrx_word' id='word_1_313' title='bbox 1761 2406 1830 2469; x_wconf 74' lang='lat' dir='ltr'><em>justi·</em></span> 
     </span>
     <span class='ocr_line' id='line_1_28' title="bbox 143 2485 1867 2560; baseline 0.001 -22"><span class='ocrx_word' id='word_1_314' title='bbox 143 2487 344 2541; x_wconf 71' lang='lat' dir='ltr'><em>Honctdeisto</em></span> <span class='ocrx_word' id='word_1_315' title='bbox 352 2485 458 2560; x_wconf 79' lang='lat' dir='ltr'><em>judiees</em></span> <span class='ocrx_word' id='word_1_316' title='bbox 472 2489 552 2542; x_wconf 82' lang='lat' dir='ltr'><em>Jctus</em></span> <span class='ocrx_word' id='word_1_317' title='bbox 564 2487 593 2540; x_wconf 89' lang='lat' dir='ltr'><em>in</em></span> <span class='ocrx_word' id='word_1_318' title='bbox 606 2487 722 2556; x_wconf 74' lang='lat' dir='ltr'><em>cleponsi</em></span> <span class='ocrx_word' id='word_1_319' title='bbox 732 2489 750 2540; x_wconf 89' lang='lat'><em>1.</em></span> <span class='ocrx_word' id='word_1_320' title='bbox 763 2488 809 2540; x_wconf 83' lang='lat' dir='ltr'><em>tt.</em></span> <span class='ocrx_word' id='word_1_321' title='bbox 822 2494 842 2551; x_wconf 72' lang='grc' dir='ltr'><em>ς.</em></span> <span class='ocrx_word' id='word_1_322' title='bbox 859 2488 884 2542; x_wconf 81' lang='grc'><em>3.</em></span> <span class='ocrx_word' id='word_1_323' title='bbox 895 2487 923 2539; x_wconf 82' lang='lat' dir='ltr'><em>ii.</em></span> <span class='ocrx_word' id='word_1_324' title='bbox 938 2486 963 2540; x_wconf 78' lang='lat' dir='ltr'><em>d.</em></span> <span class='ocrx_word' id='word_1_325' title='bbox 1013 2498 1130 2539; x_wconf 76' lang='lat' dir='ltr'><em>cessem</em></span> <span class='ocrx_word' id='word_1_326' title='bbox 1147 2486 1206 2538; x_wconf 82' lang='lat' dir='ltr'><em>ruti.</em></span> <span class='ocrx_word' id='word_1_327' title='bbox 1225 2485 1382 2540; x_wconf 81' lang='lat' dir='ltr'><em>succurrere</em></span> <span class='ocrx_word' id='word_1_328' title='bbox 1399 2487 1434 2540; x_wconf 88' lang='lat' dir='ltr'><em>iis</em></span> <span class='ocrx_word' id='word_1_329' title='bbox 1452 2487 1564 2541; x_wconf 80' lang='lat' dir='ltr'><em>videtur.</em></span> <span class='ocrx_word' id='word_1_330' title='bbox 1583 2487 1602 2540; x_wconf 88' lang='lat' dir='ltr'><em>i.</em></span> <span class='ocrx_word' id='word_1_331' title='bbox 1620 2487 1646 2540; x_wconf 79' lang='lat' dir='ltr'><em>i.</em></span> <span class='ocrx_word' id='word_1_332' title='bbox 1665 2494 1689 2549; x_wconf 78' lang='lat'><em>§-</em></span> <span class='ocrx_word' id='word_1_333' title='bbox 1709 2491 1733 2542; x_wconf 88' lang='lat'><em>1.</em></span> <span class='ocrx_word' id='word_1_334' title='bbox 1743 2487 1783 2556; x_wconf 78' lang='lat' dir='ltr'><em>ff</em></span> <span class='ocrx_word' id='word_1_335' title='bbox 1798 2490 1831 2542; x_wconf 82' lang='lat' dir='ltr'><em>de</em></span> <span class='ocrx_word' id='word_1_336' title='bbox 1850 2491 1867 2541; x_wconf 81' lang='grc'><strong>1</strong></span> 
     </span>
     <span class='ocr_line' id='line_1_29' title="bbox 181 2569 1830 2640; baseline 0.001 -15"><span class='ocrx_word' id='word_1_337' title='bbox 181 2590 204 2625; x_wconf 82' lang='lat' dir='ltr'><em>v·</em></span> <span class='ocrx_word' id='word_1_338' title='bbox 218 2571 326 2640; x_wconf 72' lang='lat' dir='ltr'><em>obliges.</em></span> <span class='ocrx_word' id='word_1_339' title='bbox 342 2589 371 2624; x_wconf 89' lang='lat' dir='ltr'><em>n.</em></span> <span class='ocrx_word' id='word_1_340' title='bbox 383 2571 428 2624; x_wconf 79' lang='lat' dir='ltr'><em>iii.</em></span> <span class='ocrx_word' id='word_1_341' title='bbox 1014 2571 1184 2626; x_wconf 82' lang='lat' dir='ltr'><em>alienatione</em></span> <span class='ocrx_word' id='word_1_342' title='bbox 1198 2569 1296 2640; x_wconf 78' lang='lat' dir='ltr'><em>iudicii</em></span> <span class='ocrx_word' id='word_1_343' title='bbox 1313 2571 1436 2626; x_wconf 72' lang='lat' dir='ltr'><em>instandi</em></span> <span class='ocrx_word' id='word_1_344' title='bbox 1451 2571 1637 2640; x_wconf 76' lang='lat' dir='ltr'><em>cmctofissso.</em></span> <span class='ocrx_word' id='word_1_345' title='bbox 1664 2573 1733 2625; x_wconf 75' lang='lat' dir='ltr'><em>verb.</em></span> <span class='ocrx_word' id='word_1_346' title='bbox 1752 2575 1830 2626; x_wconf 85' lang='lat' dir='ltr'><em>Huco</em></span> 
     </span>
     <span class='ocr_line' id='line_1_30' title="bbox 146 2653 1830 2730; baseline 0.001 -21"><span class='ocrx_word' id='word_1_347' title='bbox 146 2654 252 2710; x_wconf 81' lang='lat' dir='ltr'><em>Cuncta</em></span> <span class='ocrx_word' id='word_1_348' title='bbox 266 2656 321 2710; x_wconf 91' lang='lat' dir='ltr'><em>isto</em></span> <span class='ocrx_word' id='word_1_349' title='bbox 333 2673 384 2722; x_wconf 90' lang='lat' dir='ltr'><em>per</em></span> <span class='ocrx_word' id='word_1_350' title='bbox 395 2654 582 2727; x_wconf 80' lang='lat' dir='ltr'><em>compendium</em></span> <span class='ocrx_word' id='word_1_351' title='bbox 592 2655 701 2710; x_wconf 81' lang='lat' dir='ltr'><em>crsisibet</em></span> <span class='ocrx_word' id='word_1_352' title='bbox 715 2655 811 2709; x_wconf 81' lang='lat' dir='ltr'><em>intuo.</em></span> <span class='ocrx_word' id='word_1_353' title='bbox 825 2653 964 2718; x_wconf 62' lang='lat' dir='ltr'><em>iubenes</em></span> <span class='ocrx_word' id='word_1_354' title='bbox 1013 2657 1085 2708; x_wconf 89' lang='lat' dir='ltr'><em>enim</em></span> <span class='ocrx_word' id='word_1_355' title='bbox 1102 2657 1257 2710; x_wconf 80' lang='lat' dir='ltr'><em>uerecundo</em></span> <span class='ocrx_word' id='word_1_356' title='bbox 1273 2659 1401 2726; x_wconf 70' lang='lat' dir='ltr'><em>eogs&#39;totio</em></span> <span class='ocrx_word' id='word_1_357' title='bbox 1418 2657 1492 2730; x_wconf 78' lang='lat' dir='ltr'><em>ejus.</em></span> <span class='ocrx_word' id='word_1_358' title='bbox 1519 2657 1568 2726; x_wconf 75' lang='lat' dir='ltr'><em>spui</em></span> <span class='ocrx_word' id='word_1_359' title='bbox 1583 2655 1643 2712; x_wconf 86' lang='lat' dir='ltr'><em>iites</em></span> <span class='ocrx_word' id='word_1_360' title='bbox 1658 2669 1830 2721; x_wconf 64' lang='lat' dir='ltr'><em>exsecretur,</em></span> 
     </span>
     <span class='ocr_line' id='line_1_31' title="bbox 180 2737 1863 2810; baseline 0.001 -18"><span class='ocrx_word' id='word_1_361' title='bbox 180 2738 238 2809; x_wconf 76' lang='lat' dir='ltr'><em>q&#39;us</em></span> <span class='ocrx_word' id='word_1_362' title='bbox 250 2737 281 2792; x_wconf 83' lang='lat' dir='ltr'><em>in</em></span> <span class='ocrx_word' id='word_1_363' title='bbox 300 2757 360 2792; x_wconf 83' lang='lat' dir='ltr'><em>eum</em></span> <span class='ocrx_word' id='word_1_364' title='bbox 379 2757 435 2792; x_wconf 89' lang='lat' dir='ltr'><em>rem</em></span> <span class='ocrx_word' id='word_1_365' title='bbox 451 2741 548 2808; x_wconf 68' lang='lat' dir='ltr'><em>grette</em></span> <span class='ocrx_word' id='word_1_366' title='bbox 564 2741 671 2805; x_wconf 83' lang='lat' dir='ltr'><em>penitus</em></span> <span class='ocrx_word' id='word_1_367' title='bbox 692 2739 773 2794; x_wconf 74' lang='lat' dir='ltr'><em>ocris</em></span> <span class='ocrx_word' id='word_1_368' title='bbox 790 2747 964 2794; x_wconf 77' lang='lat' dir='ltr'><em>recensentur.</em></span> <span class='ocrx_word' id='word_1_369' title='bbox 1013 2757 1071 2792; x_wconf 87' lang='lat' dir='ltr'><em>non</em></span> <span class='ocrx_word' id='word_1_370' title='bbox 1090 2749 1129 2794; x_wconf 91' lang='lat' dir='ltr'><em>est</em></span> <span class='ocrx_word' id='word_1_371' title='bbox 1146 2739 1334 2810; x_wconf 79' lang='lat' dir='ltr'><em>vituperando·</em></span> <span class='ocrx_word' id='word_1_372' title='bbox 1353 2743 1450 2794; x_wconf 84' lang='lat' dir='ltr'><em>Verum</em></span> <span class='ocrx_word' id='word_1_373' title='bbox 1468 2739 1541 2794; x_wconf 81' lang='lat' dir='ltr'><em>ictus</em></span> <span class='ocrx_word' id='word_1_374' title='bbox 1558 2757 1589 2792; x_wconf 88' lang='grc' dir='ltr'><em>ιο</em></span> <span class='ocrx_word' id='word_1_375' title='bbox 1608 2757 1660 2794; x_wconf 86' lang='lat' dir='ltr'><em>nou</em></span> <span class='ocrx_word' id='word_1_376' title='bbox 1686 2739 1772 2794; x_wconf 85' lang='lat' dir='ltr'><em>sboiet</em></span> <span class='ocrx_word' id='word_1_377' title='bbox 1789 2745 1830 2808; x_wconf 78' lang='lat' dir='ltr'><em>ju·</em></span> <span class='ocrx_word' id='word_1_378' title='bbox 1847 2741 1863 2792; x_wconf 82' lang='grc'><strong>6</strong></span> 
     </span>
     <span class='ocr_line' id='line_1_32' title="bbox 181 2822 1831 2894; baseline 0.004 -22"><span class='ocrx_word' id='word_1_379' title='bbox 181 2839 208 2872; x_wconf 93' lang='lat' dir='ltr'><em>n.</em></span> <span class='ocrx_word' id='word_1_380' title='bbox 220 2822 265 2874; x_wconf 82' lang='grc'><em>66.</em></span> <span class='ocrx_word' id='word_1_381' title='bbox 1015 2823 1095 2887; x_wconf 79' lang='lat' dir='ltr'><em>dicis,</em></span> <span class='ocrx_word' id='word_1_382' title='bbox 1112 2823 1158 2877; x_wconf 80' lang='lat' dir='ltr'><em>sci</em></span> <span class='ocrx_word' id='word_1_383' title='bbox 1176 2842 1237 2876; x_wconf 86' lang='lat' dir='ltr'><em>cum</em></span> <span class='ocrx_word' id='word_1_384' title='bbox 1256 2825 1361 2887; x_wconf 72' lang='lat' dir='ltr'><em>leudes,</em></span> <span class='ocrx_word' id='word_1_385' title='bbox 1381 2823 1427 2890; x_wconf 87' lang='lat' dir='ltr'><em>qui</em></span> <span class='ocrx_word' id='word_1_386' title='bbox 1445 2823 1506 2876; x_wconf 74' lang='lat' dir='ltr'><em>tite·</em></span> <span class='ocrx_word' id='word_1_387' title='bbox 1530 2834 1626 2878; x_wconf 85' lang='lat' dir='ltr'><em>temere</em></span> <span class='ocrx_word' id='word_1_388' title='bbox 1650 2825 1831 2894; x_wconf 81' lang='lat' dir='ltr'><em>suscipiendos</em></span> 
     </span>
     <span class='ocr_line' id='line_1_33' title="bbox 143 2881 1867 2978; baseline 0.002 -22"><span class='ocrx_word' id='word_1_389' title='bbox 143 2904 331 2962; x_wconf 71' lang='lat' dir='ltr'><em>Hiscricorsit&#39;o</em></span> <span class='ocrx_word' id='word_1_390' title='bbox 348 2907 537 2970; x_wconf 84' lang='lat' dir='ltr'><em>intempestivo</em></span> <span class='ocrx_word' id='word_1_391' title='bbox 556 2926 660 2978; x_wconf 80' lang='lat' dir='ltr'><em>puopue</em></span> <span class='ocrx_word' id='word_1_392' title='bbox 671 2922 701 2962; x_wconf 88' lang='lat' dir='ltr'><em>te</em></span> <span class='ocrx_word' id='word_1_393' title='bbox 712 2881 840 2962; x_wconf 69' lang='lat' dir='ltr'><em>c&#39;etererc</em></span> <span class='ocrx_word' id='word_1_394' title='bbox 856 2908 925 2962; x_wconf 89' lang='lat' dir='ltr'><em>soict</em></span> <span class='ocrx_word' id='word_1_395' title='bbox 936 2907 966 2960; x_wconf 90' lang='lat' dir='ltr'><em>in</em></span> <span class='ocrx_word' id='word_1_396' title='bbox 1015 2909 1163 2964; x_wconf 71' lang='lat' dir='ltr'><em>desistitur.</em></span> <span class='ocrx_word' id='word_1_397' title='bbox 1181 2909 1267 2977; x_wconf 76' lang='lat' dir='ltr'><em>Megis</em></span> <span class='ocrx_word' id='word_1_398' title='bbox 1284 2907 1405 2976; x_wconf 81' lang='lat' dir='ltr'><em>opinioni</em></span> <span class='ocrx_word' id='word_1_399' title='bbox 1425 2923 1485 2961; x_wconf 83' lang='lat' dir='ltr'><em>susc</em></span> <span class='ocrx_word' id='word_1_400' title='bbox 1504 2904 1648 2970; x_wconf 69' lang='lat' dir='ltr'><em>confidunt,</em></span> <span class='ocrx_word' id='word_1_401' title='bbox 1667 2907 1714 2976; x_wconf 87' lang='lat' dir='ltr'><em>qni</em></span> <span class='ocrx_word' id='word_1_402' title='bbox 1731 2922 1832 2976; x_wconf 86' lang='lat' dir='ltr'><em>sposto·</em></span> <span class='ocrx_word' id='word_1_403' title='bbox 1850 2907 1867 2956; x_wconf 83' lang='grc'><strong>6</strong></span> 
     </span>
     <span class='ocr_line' id='line_1_34' title="bbox 170 2990 1833 3061; baseline 0.002 -20"><span class='ocrx_word' id='word_1_404' title='bbox 170 2990 301 3061; x_wconf 77' lang='lat' dir='ltr'><em>judicio.</em></span> <span class='ocrx_word' id='word_1_405' title='bbox 314 2991 426 3059; x_wconf 69' lang='lat' dir='ltr'><em>quanto</em></span> <span class='ocrx_word' id='word_1_406' title='bbox 445 2991 542 3047; x_wconf 80' lang='lat' dir='ltr'><em>rictum</em></span> <span class='ocrx_word' id='word_1_407' title='bbox 560 2992 594 3045; x_wconf 81' lang='lat' dir='ltr'><em>oi</em></span> <span class='ocrx_word' id='word_1_408' title='bbox 613 3001 712 3046; x_wconf 89' lang='lat' dir='ltr'><em>temere</em></span> <span class='ocrx_word' id='word_1_409' title='bbox 728 3003 876 3061; x_wconf 79' lang='lat' dir='ltr'><em>susceptum</em></span> <span class='ocrx_word' id='word_1_410' title='bbox 893 2991 965 3046; x_wconf 85' lang='lat' dir='ltr'><em>litem</em></span> <span class='ocrx_word' id='word_1_411' title='bbox 1015 2994 1069 3044; x_wconf 85' lang='lat' dir='ltr'><em>ium</em></span> <span class='ocrx_word' id='word_1_412' title='bbox 1090 2993 1208 3046; x_wconf 84' lang='lat' dir='ltr'><em>Psuium.</em></span> <span class='ocrx_word' id='word_1_413' title='bbox 1228 2995 1252 3043; x_wconf 85' lang='lat'><em>1.</em></span> <span class='ocrx_word' id='word_1_414' title='bbox 1271 2990 1400 3046; x_wconf 76' lang='lat' dir='ltr'><em>Corinth.</em></span> <span class='ocrx_word' id='word_1_415' title='bbox 1424 2993 1452 3043; x_wconf 83' lang='lat' dir='ltr'><em>ii.</em></span> <span class='ocrx_word' id='word_1_416' title='bbox 1476 3008 1546 3045; x_wconf 82' lang='lat' dir='ltr'><em>vers.</em></span> <span class='ocrx_word' id='word_1_417' title='bbox 1570 2991 1598 3044; x_wconf 92' lang='grc'><em>7.</em></span> <span class='ocrx_word' id='word_1_418' title='bbox 1620 2991 1673 3042; x_wconf 85' lang='lat' dir='ltr'><em>sibi</em></span> <span class='ocrx_word' id='word_1_419' title='bbox 1696 3001 1833 3060; x_wconf 84' lang='lat' dir='ltr'><em>petronusu</em></span> 
     </span>
     <span class='ocr_line' id='line_1_35' title="bbox 177 3074 1834 3144; baseline 0.002 -21"><span class='ocrx_word' id='word_1_420' title='bbox 177 3087 315 3138; x_wconf 70' lang='lat' dir='ltr'><em>expensos</em></span> <span class='ocrx_word' id='word_1_421' title='bbox 327 3075 471 3128; x_wconf 89' lang='lat' dir='ltr'><em>restituere</em></span> <span class='ocrx_word' id='word_1_422' title='bbox 484 3084 595 3138; x_wconf 84' lang='lat' dir='ltr'><em>oportet.</em></span> <span class='ocrx_word' id='word_1_423' title='bbox 607 3093 635 3126; x_wconf 90' lang='grc' dir='ltr'><em>ιι.</em></span> <span class='ocrx_word' id='word_1_424' title='bbox 651 3075 695 3126; x_wconf 92' lang='grc'><em>66.</em></span> <span class='ocrx_word' id='word_1_425' title='bbox 1014 3086 1158 3138; x_wconf 79' lang='grc' dir='ltr'><strong>ιιιωιιιιιιι,</strong></span> <span class='ocrx_word' id='word_1_426' title='bbox 1176 3075 1244 3130; x_wconf 81' lang='lat' dir='ltr'><em>scrb.</em></span> <span class='ocrx_word' id='word_1_427' title='bbox 1266 3076 1335 3128; x_wconf 85' lang='lat' dir='ltr'><em>Jom</em></span> <span class='ocrx_word' id='word_1_428' title='bbox 1353 3076 1462 3144; x_wconf 70' lang='lat' dir='ltr'><em>quidem</em></span> <span class='ocrx_word' id='word_1_429' title='bbox 1480 3075 1594 3128; x_wconf 87' lang='lat' dir='ltr'><em>omnino</em></span> <span class='ocrx_word' id='word_1_430' title='bbox 1614 3074 1740 3128; x_wconf 78' lang='lat' dir='ltr'><em>delictum</em></span> <span class='ocrx_word' id='word_1_431' title='bbox 1752 3084 1789 3127; x_wconf 87' lang='lat' dir='ltr'><em>cst</em></span> <span class='ocrx_word' id='word_1_432' title='bbox 1804 3076 1834 3128; x_wconf 93' lang='lat' dir='ltr'><em>in</em></span> 
     </span>
     <span class='ocr_line' id='line_1_36' title="bbox 143 3155 1835 3232; baseline 0.004 -27"><span class='ocrx_word' id='word_1_433' title='bbox 143 3155 279 3208; x_wconf 77' lang='lat' dir='ltr'><em>Auserem</em></span> <span class='ocrx_word' id='word_1_434' title='bbox 298 3165 399 3210; x_wconf 86' lang='lat' dir='ltr'><em>temere</em></span> <span class='ocrx_word' id='word_1_435' title='bbox 416 3157 567 3227; x_wconf 69' lang='lat' dir='ltr'><em>litigantem</em></span> <span class='ocrx_word' id='word_1_436' title='bbox 584 3155 663 3210; x_wconf 77' lang='lat' dir='ltr'><em>eitius</em></span> <span class='ocrx_word' id='word_1_437' title='bbox 681 3158 709 3212; x_wconf 93' lang='lat' dir='ltr'><em>in</em></span> <span class='ocrx_word' id='word_1_438' title='bbox 729 3178 862 3228; x_wconf 70' lang='lat' dir='ltr'><em>expensos</em></span> <span class='ocrx_word' id='word_1_439' title='bbox 873 3163 968 3218; x_wconf 83' lang='lat' dir='ltr'><em>conde·</em></span> <span class='ocrx_word' id='word_1_440' title='bbox 1017 3161 1104 3222; x_wconf 74' lang='lat' dir='ltr'><em>vobis,</em></span> <span class='ocrx_word' id='word_1_441' title='bbox 1121 3161 1194 3229; x_wconf 79' lang='lat' dir='ltr'><em>quod</em></span> <span class='ocrx_word' id='word_1_442' title='bbox 1202 3159 1312 3232; x_wconf 88' lang='lat' dir='ltr'><em>jusiicio</em></span> <span class='ocrx_word' id='word_1_443' title='bbox 1327 3161 1430 3214; x_wconf 81' lang='lat' dir='ltr'><em>isoiets&#39;s</em></span> <span class='ocrx_word' id='word_1_444' title='bbox 1440 3159 1514 3211; x_wconf 88' lang='lat' dir='ltr'><em>inter</em></span> <span class='ocrx_word' id='word_1_445' title='bbox 1525 3175 1585 3212; x_wconf 79' lang='lat' dir='ltr'><em>uos·</em></span> <span class='ocrx_word' id='word_1_446' title='bbox 1602 3165 1697 3230; x_wconf 78' lang='lat' dir='ltr'><em>Quare</em></span> <span class='ocrx_word' id='word_1_447' title='bbox 1707 3178 1762 3214; x_wconf 90' lang='lat' dir='ltr'><em>non</em></span> <span class='ocrx_word' id='word_1_448' title='bbox 1777 3178 1835 3214; x_wconf 87' lang='lat' dir='ltr'><em>mu·</em></span> 
     </span>
     <span class='ocr_line' id='line_1_37' title="bbox 181 3240 1836 3316; baseline 0.004 -27"><span class='ocrx_word' id='word_1_449' title='bbox 181 3250 291 3294; x_wconf 84' lang='lat' dir='ltr'><em>mnent.</em></span> <span class='ocrx_word' id='word_1_450' title='bbox 304 3257 332 3292; x_wconf 96' lang='grc' dir='ltr'><em>ιι.</em></span> <span class='ocrx_word' id='word_1_451' title='bbox 346 3240 392 3292; x_wconf 91' lang='grc'><em>67.</em></span> <span class='ocrx_word' id='word_1_452' title='bbox 1015 3245 1058 3314; x_wconf 73' lang='lat' dir='ltr'><em>gis</em></span> <span class='ocrx_word' id='word_1_453' title='bbox 1077 3244 1208 3316; x_wconf 78' lang='lat' dir='ltr'><em>injurium</em></span> <span class='ocrx_word' id='word_1_454' title='bbox 1226 3244 1360 3308; x_wconf 80' lang='lat' dir='ltr'><em>accipitis?</em></span> <span class='ocrx_word' id='word_1_455' title='bbox 1376 3260 1462 3314; x_wconf 72' lang='lat' dir='ltr'><em>querc</em></span> <span class='ocrx_word' id='word_1_456' title='bbox 1479 3260 1536 3297; x_wconf 90' lang='lat' dir='ltr'><em>non</em></span> <span class='ocrx_word' id='word_1_457' title='bbox 1548 3245 1633 3313; x_wconf 77' lang='lat' dir='ltr'><em>magis</em></span> <span class='ocrx_word' id='word_1_458' title='bbox 1649 3241 1777 3306; x_wconf 71' lang='lat' dir='ltr'><em>fraudem</em></span> <span class='ocrx_word' id='word_1_459' title='bbox 1788 3263 1836 3315; x_wconf 87' lang='lat' dir='ltr'><em>po·</em></span> 
     </span>
     <span class='ocr_line' id='line_1_38' title="bbox 146 3321 1868 3396; baseline 0.003 -22"><span class='ocrx_word' id='word_1_460' title='bbox 146 3323 224 3392; x_wconf 68' lang='lat' dir='ltr'><em>Ergo</em></span> <span class='ocrx_word' id='word_1_461' title='bbox 254 3339 334 3378; x_wconf 83' lang='lat' dir='ltr'><em>rcum</em></span> <span class='ocrx_word' id='word_1_462' title='bbox 364 3321 551 3378; x_wconf 81' lang='lat' dir='ltr'><em>misericordis</em></span> <span class='ocrx_word' id='word_1_463' title='bbox 579 3343 610 3378; x_wconf 89' lang='lat' dir='ltr'><em>eo</em></span> <span class='ocrx_word' id='word_1_464' title='bbox 641 3339 706 3380; x_wconf 83' lang='lat' dir='ltr'><em>totu</em></span> <span class='ocrx_word' id='word_1_465' title='bbox 736 3328 845 3382; x_wconf 86' lang='lat' dir='ltr'><em>moveri</em></span> <span class='ocrx_word' id='word_1_466' title='bbox 870 3329 966 3382; x_wconf 87' lang='lat' dir='ltr'><em>soient.</em></span> <span class='ocrx_word' id='word_1_467' title='bbox 1016 3325 1127 3380; x_wconf 85' lang='lat' dir='ltr'><em>timini?</em></span> <span class='ocrx_word' id='word_1_468' title='bbox 1145 3325 1179 3378; x_wconf 83' lang='lat' dir='ltr'><em>Et</em></span> <span class='ocrx_word' id='word_1_469' title='bbox 1196 3343 1229 3378; x_wconf 87' lang='lat' dir='ltr'><em>ue</em></span> <span class='ocrx_word' id='word_1_470' title='bbox 1246 3327 1279 3378; x_wconf 86' lang='lat' dir='ltr'><em>dc</em></span> <span class='ocrx_word' id='word_1_471' title='bbox 1298 3335 1393 3378; x_wconf 86' lang='lat' dir='ltr'><em>temere</em></span> <span class='ocrx_word' id='word_1_472' title='bbox 1412 3323 1591 3392; x_wconf 74' lang='lat' dir='ltr'><em>suscipiendis</em></span> <span class='ocrx_word' id='word_1_473' title='bbox 1616 3328 1723 3393; x_wconf 82' lang='lat' dir='ltr'><em>judiciis</em></span> <span class='ocrx_word' id='word_1_474' title='bbox 1747 3329 1868 3396; x_wconf 54' lang='lat' dir='ltr'><em>cupiisti</em></span> 
     </span>
     <span class='ocr_line' id='line_1_39' title="bbox 183 3407 1836 3478; baseline 0.001 -18"><span class='ocrx_word' id='word_1_475' title='bbox 183 3427 211 3461; x_wconf 92' lang='lat' dir='ltr'><em>n.</em></span> <span class='ocrx_word' id='word_1_476' title='bbox 224 3408 272 3460; x_wconf 85' lang='grc'><em>66.</em></span> <span class='ocrx_word' id='word_1_477' title='bbox 1022 3425 1080 3460; x_wconf 88' lang='lat' dir='ltr'><em>mus</em></span> <span class='ocrx_word' id='word_1_478' title='bbox 1101 3409 1221 3471; x_wconf 73' lang='lat' dir='ltr'><em>rentum,</em></span> <span class='ocrx_word' id='word_1_479' title='bbox 1238 3409 1391 3462; x_wconf 87' lang='lat' dir='ltr'><em>ssscrtioois</em></span> <span class='ocrx_word' id='word_1_480' title='bbox 1410 3417 1502 3462; x_wconf 81' lang='lat' dir='ltr'><em>testeus</em></span> <span class='ocrx_word' id='word_1_481' title='bbox 1523 3407 1698 3478; x_wconf 72' lang='lat' dir='ltr'><em>issgustinom</em></span> <span class='ocrx_word' id='word_1_482' title='bbox 1719 3409 1750 3462; x_wconf 89' lang='lat' dir='ltr'><em>in</em></span> <span class='ocrx_word' id='word_1_483' title='bbox 1776 3412 1836 3462; x_wconf 80' lang='lat' dir='ltr'><em>En·</em></span> 
     </span>
     <span class='ocr_line' id='line_1_40' title="bbox 149 3491 1837 3564; baseline -0.001 -18"><span class='ocrx_word' id='word_1_484' title='bbox 149 3493 295 3562; x_wconf 74' lang='lat' dir='ltr'><em>ternus,</em></span> <span class='ocrx_word' id='word_1_485' title='bbox 308 3511 368 3550; x_wconf 90' lang='lat' dir='ltr'><em>cum</em></span> <span class='ocrx_word' id='word_1_486' title='bbox 380 3494 441 3548; x_wconf 90' lang='lat' dir='ltr'><em>etis</em></span> <span class='ocrx_word' id='word_1_487' title='bbox 457 3510 538 3562; x_wconf 85' lang='lat' dir='ltr'><em>coepe</em></span> <span class='ocrx_word' id='word_1_488' title='bbox 555 3511 647 3552; x_wconf 80' lang='lat' dir='ltr'><em>muros</em></span> <span class='ocrx_word' id='word_1_489' title='bbox 665 3508 765 3552; x_wconf 84' lang='lat' dir='ltr'><em>nectos.</em></span> <span class='ocrx_word' id='word_1_490' title='bbox 779 3509 805 3550; x_wconf 85' lang='lat' dir='ltr'><em>et</em></span> <span class='ocrx_word' id='word_1_491' title='bbox 822 3498 912 3554; x_wconf 74' lang='lat' dir='ltr'><em>eludat</em></span> <span class='ocrx_word' id='word_1_492' title='bbox 923 3500 969 3554; x_wconf 77' lang='lat' dir='ltr'><em>cd·</em></span> <span class='ocrx_word' id='word_1_493' title='bbox 1017 3491 1141 3546; x_wconf 82' lang='lat' dir='ltr'><em>oisiridio.</em></span> <span class='ocrx_word' id='word_1_494' title='bbox 1158 3510 1181 3546; x_wconf 87' lang='lat' dir='ltr'><em>c.</em></span> <span class='ocrx_word' id='word_1_495' title='bbox 1200 3495 1245 3544; x_wconf 81' lang='grc'><em>76.</em></span> <span class='ocrx_word' id='word_1_496' title='bbox 1263 3509 1394 3546; x_wconf 82' lang='lat' dir='ltr'><em>sceerserc</em></span> <span class='ocrx_word' id='word_1_497' title='bbox 1412 3493 1507 3546; x_wconf 86' lang='lat' dir='ltr'><em>solens.</em></span> <span class='ocrx_word' id='word_1_498' title='bbox 1526 3493 1566 3544; x_wconf 85' lang='lat' dir='ltr'><em>Ne</em></span> <span class='ocrx_word' id='word_1_499' title='bbox 1583 3492 1736 3564; x_wconf 79' lang='lat' dir='ltr'><em>quisquam,</em></span> <span class='ocrx_word' id='word_1_500' title='bbox 1749 3495 1837 3563; x_wconf 84' lang='lat' dir='ltr'><em>inquit</em></span> 
     </span>
     <span class='ocr_line' id='line_1_41' title="bbox 184 3576 1835 3654; baseline -0.002 -21"><span class='ocrx_word' id='word_1_501' title='bbox 184 3582 357 3644; x_wconf 78' lang='lat' dir='ltr'><em>ocnorium,</em></span> <span class='ocrx_word' id='word_1_502' title='bbox 370 3595 428 3633; x_wconf 90' lang='lat' dir='ltr'><em>non</em></span> <span class='ocrx_word' id='word_1_503' title='bbox 439 3576 499 3634; x_wconf 80' lang='lat' dir='ltr'><em>idco</em></span> <span class='ocrx_word' id='word_1_504' title='bbox 513 3579 697 3634; x_wconf 74' lang='lat' dir='ltr'><em>absolvendus</em></span> <span class='ocrx_word' id='word_1_505' title='bbox 711 3581 744 3633; x_wconf 77' lang='lat' dir='ltr'><em>ob</em></span> <span class='ocrx_word' id='word_1_506' title='bbox 756 3581 895 3652; x_wconf 70' lang='lat' dir='ltr'><em>expensis,</em></span> <span class='ocrx_word' id='word_1_507' title='bbox 909 3583 970 3654; x_wconf 77' lang='lat' dir='ltr'><em>quia</em></span> <span class='ocrx_word' id='word_1_508' title='bbox 1021 3578 1053 3640; x_wconf 86' lang='lat' dir='ltr'><em>is,</em></span> <span class='ocrx_word' id='word_1_509' title='bbox 1071 3577 1122 3630; x_wconf 84' lang='lat' dir='ltr'><em>iroe</em></span> <span class='ocrx_word' id='word_1_510' title='bbox 1140 3587 1290 3638; x_wconf 71' lang='lat' dir='ltr'><em>excusaret.</em></span> <span class='ocrx_word' id='word_1_511' title='bbox 1311 3590 1340 3631; x_wconf 88' lang='lat' dir='ltr'><em>ut</em></span> <span class='ocrx_word' id='word_1_512' title='bbox 1356 3579 1456 3632; x_wconf 80' lang='lat' dir='ltr'><em>diecret</em></span> <span class='ocrx_word' id='word_1_513' title='bbox 1467 3578 1576 3650; x_wconf 82' lang='lat' dir='ltr'><em>justum</em></span> <span class='ocrx_word' id='word_1_514' title='bbox 1593 3593 1623 3630; x_wconf 91' lang='lat' dir='ltr'><em>se</em></span> <span class='ocrx_word' id='word_1_515' title='bbox 1640 3577 1738 3630; x_wconf 81' lang='lat' dir='ltr'><em>hebere</em></span> <span class='ocrx_word' id='word_1_516' title='bbox 1757 3595 1835 3646; x_wconf 75' lang='lat' dir='ltr'><em>nego·</em></span> 
     </span>
     <span class='ocr_line' id='line_1_42' title="bbox 189 3661 1838 3731; baseline 0.002 -17"><span class='ocrx_word' id='word_1_517' title='bbox 189 3679 252 3718; x_wconf 86' lang='lat' dir='ltr'><em>rcus</em></span> <span class='ocrx_word' id='word_1_518' title='bbox 266 3675 315 3716; x_wconf 86' lang='lat' dir='ltr'><em>cst.</em></span> <span class='ocrx_word' id='word_1_519' title='bbox 327 3681 354 3717; x_wconf 86' lang='lat' dir='ltr'><em>n·</em></span> <span class='ocrx_word' id='word_1_520' title='bbox 373 3663 418 3716; x_wconf 78' lang='grc'><em>69.</em></span> <span class='ocrx_word' id='word_1_521' title='bbox 1022 3663 1104 3727; x_wconf 79' lang='lat' dir='ltr'><em>tium,</em></span> <span class='ocrx_word' id='word_1_522' title='bbox 1121 3662 1170 3716; x_wconf 81' lang='lat' dir='ltr'><em>scd</em></span> <span class='ocrx_word' id='word_1_523' title='bbox 1186 3663 1358 3730; x_wconf 74' lang='lat' dir='ltr'><em>iniquitatem</em></span> <span class='ocrx_word' id='word_1_524' title='bbox 1376 3677 1405 3714; x_wconf 89' lang='lat' dir='ltr'><em>te</em></span> <span class='ocrx_word' id='word_1_525' title='bbox 1425 3662 1482 3730; x_wconf 88' lang='lat' dir='ltr'><em>poti</em></span> <span class='ocrx_word' id='word_1_526' title='bbox 1492 3701 1499 3729; x_wconf 84' lang='grc'><em>,</em></span> <span class='ocrx_word' id='word_1_527' title='bbox 1517 3679 1599 3731; x_wconf 80' lang='lat' dir='ltr'><em>quom</em></span> <span class='ocrx_word' id='word_1_528' title='bbox 1617 3661 1693 3716; x_wconf 81' lang='lat' dir='ltr'><em>reiict</em></span> <span class='ocrx_word' id='word_1_529' title='bbox 1713 3681 1730 3716; x_wconf 89' lang='lat' dir='ltr'><em>o</em></span> <span class='ocrx_word' id='word_1_530' title='bbox 1749 3678 1779 3715; x_wconf 90' lang='lat' dir='ltr'><em>se</em></span> <span class='ocrx_word' id='word_1_531' title='bbox 1793 3663 1838 3731; x_wconf 76' lang='lat' dir='ltr'><em>ju·</em></span> 
     </span>
     <span class='ocr_line' id='line_1_43' title="bbox 151 3745 1839 3814; baseline 0.001 -16"><span class='ocrx_word' id='word_1_532' title='bbox 151 3745 264 3798; x_wconf 70' lang='lat' dir='ltr'><em>Iudicis</em></span> <span class='ocrx_word' id='word_1_533' title='bbox 289 3747 361 3802; x_wconf 86' lang='lat' dir='ltr'><em>iune</em></span> <span class='ocrx_word' id='word_1_534' title='bbox 386 3763 444 3800; x_wconf 92' lang='lat' dir='ltr'><em>non</em></span> <span class='ocrx_word' id='word_1_535' title='bbox 469 3747 679 3802; x_wconf 75' lang='lat' dir='ltr'><em>condemnantis</em></span> <span class='ocrx_word' id='word_1_536' title='bbox 706 3765 796 3814; x_wconf 84' lang='lat' dir='ltr'><em>poene</em></span> <span class='ocrx_word' id='word_1_537' title='bbox 821 3767 857 3802; x_wconf 72' lang='lat' dir='ltr'><em>cx</em></span> <span class='ocrx_word' id='word_1_538' title='bbox 880 3751 899 3802; x_wconf 91' lang='grc' dir='ltr'><em>Ι.</em></span> <span class='ocrx_word' id='word_1_539' title='bbox 925 3751 970 3802; x_wconf 81' lang='grc'><em>16.</em></span> <span class='ocrx_word' id='word_1_540' title='bbox 1021 3746 1110 3800; x_wconf 80' lang='lat' dir='ltr'><em>dicum</em></span> <span class='ocrx_word' id='word_1_541' title='bbox 1128 3747 1262 3800; x_wconf 88' lang='lat' dir='ltr'><em>sententio</em></span> <span class='ocrx_word' id='word_1_542' title='bbox 1283 3747 1423 3809; x_wconf 82' lang='lat' dir='ltr'><em>remoueri,</em></span> <span class='ocrx_word' id='word_1_543' title='bbox 1441 3747 1839 3814; x_wconf 70' lang='lat' dir='ltr'><em>continuotoiibuseopitosio·</em></span> 
     </span>
     <span class='ocr_line' id='line_1_44' title="bbox 185 3828 1839 3900; baseline 0.002 -19"><span class='ocrx_word' id='word_1_544' title='bbox 185 3837 208 3892; x_wconf 83' lang='grc' dir='ltr'><em>ς.</em></span> <span class='ocrx_word' id='word_1_545' title='bbox 220 3831 249 3881; x_wconf 94' lang='grc'><em>6.</em></span> <span class='ocrx_word' id='word_1_546' title='bbox 263 3844 286 3879; x_wconf 76' lang='grc' dir='ltr'><em>ι.</em></span> <span class='ocrx_word' id='word_1_547' title='bbox 302 3829 334 3882; x_wconf 82' lang='lat' dir='ltr'><em>dc</em></span> <span class='ocrx_word' id='word_1_548' title='bbox 345 3829 461 3896; x_wconf 76' lang='lat' dir='ltr'><em>judiciis.</em></span> <span class='ocrx_word' id='word_1_549' title='bbox 471 3831 490 3892; x_wconf 87' lang='grc' dir='ltr'><em>Ι,</em></span> <span class='ocrx_word' id='word_1_550' title='bbox 505 3829 531 3882; x_wconf 75' lang='lat' dir='ltr'><em>i.</em></span> <span class='ocrx_word' id='word_1_551' title='bbox 548 3847 590 3899; x_wconf 83' lang='lat' dir='ltr'><em>pr.</em></span> <span class='ocrx_word' id='word_1_552' title='bbox 608 3847 633 3884; x_wconf 80' lang='grc' dir='ltr'><em>ι.</em></span> <span class='ocrx_word' id='word_1_553' title='bbox 645 3830 671 3883; x_wconf 81' lang='lat' dir='ltr'><em>d.</em></span> <span class='ocrx_word' id='word_1_554' title='bbox 690 3829 823 3886; x_wconf 66' lang='lat' dir='ltr'><em>fructibus</em></span> <span class='ocrx_word' id='word_1_555' title='bbox 840 3843 867 3888; x_wconf 75' lang='grc' dir='ltr'><em>ιι</em></span> <span class='ocrx_word' id='word_1_556' title='bbox 886 3833 971 3890; x_wconf 70' lang='lat' dir='ltr'><em>litium</em></span> <span class='ocrx_word' id='word_1_557' title='bbox 1022 3830 1099 3884; x_wconf 78' lang='lat' dir='ltr'><em>nibus</em></span> <span class='ocrx_word' id='word_1_558' title='bbox 1117 3831 1163 3887; x_wconf 84' lang='lat' dir='ltr'><em>usi</em></span> <span class='ocrx_word' id='word_1_559' title='bbox 1179 3828 1401 3886; x_wconf 71' lang='lat' dir='ltr'><em>excusationibus</em></span> <span class='ocrx_word' id='word_1_560' title='bbox 1418 3830 1536 3885; x_wconf 82' lang='lat' dir='ltr'><em>occurrit</em></span> <span class='ocrx_word' id='word_1_561' title='bbox 1547 3832 1663 3894; x_wconf 80' lang='lat' dir='ltr'><em>Paulus,</em></span> <span class='ocrx_word' id='word_1_562' title='bbox 1675 3841 1701 3882; x_wconf 86' lang='lat' dir='ltr'><em>et</em></span> <span class='ocrx_word' id='word_1_563' title='bbox 1711 3830 1759 3894; x_wconf 85' lang='lat' dir='ltr'><em>eis,</em></span> <span class='ocrx_word' id='word_1_564' title='bbox 1771 3851 1839 3900; x_wconf 80' lang='lat' dir='ltr'><em>quu-</em></span> 
     </span>
     <span class='ocr_line' id='line_1_45' title="bbox 188 3912 1837 3994; baseline 0.001 -30"><span class='ocrx_word' id='word_1_565' title='bbox 188 3912 327 3984; x_wconf 84' lang='lat' dir='ltr'><em>expensis.</em></span> <span class='ocrx_word' id='word_1_566' title='bbox 340 3932 366 3966; x_wconf 90' lang='lat' dir='ltr'><em>u.</em></span> <span class='ocrx_word' id='word_1_567' title='bbox 380 3913 424 3965; x_wconf 87' lang='grc'><em>76.</em></span> <span class='ocrx_word' id='word_1_568' title='bbox 495 3985 498 3994; x_wconf 28' lang='grc' dir='ltr'>Ι</span> <span class='ocrx_word' id='word_1_569' title='bbox 724 3975 726 3980; x_wconf 28' lang='grc' dir='ltr'>Ι</span> <span class='ocrx_word' id='word_1_570' title='bbox 1023 3933 1052 3971; x_wconf 84' lang='grc' dir='ltr'><em>ιι</em></span> <span class='ocrx_word' id='word_1_571' title='bbox 1069 3932 1126 3967; x_wconf 92' lang='lat' dir='ltr'><em>non</em></span> <span class='ocrx_word' id='word_1_572' title='bbox 1144 3915 1232 3984; x_wconf 70' lang='lat' dir='ltr'><em>inopis</em></span> <span class='ocrx_word' id='word_1_573' title='bbox 1248 3913 1416 3984; x_wconf 73' lang='lat' dir='ltr'><em>iniquitatem</em></span> <span class='ocrx_word' id='word_1_574' title='bbox 1436 3913 1571 3979; x_wconf 86' lang='lat' dir='ltr'><em>potimini.</em></span> <span class='ocrx_word' id='word_1_575' title='bbox 1597 3923 1646 3967; x_wconf 87' lang='lat' dir='ltr'><em>esc.</em></span> <span class='ocrx_word' id='word_1_576' title='bbox 1671 3913 1704 3964; x_wconf 83' lang='lat' dir='ltr'><em>Et</em></span> <span class='ocrx_word' id='word_1_577' title='bbox 1729 3915 1837 3965; x_wconf 79' lang='lat' dir='ltr'><em>oinuino</em></span> 
     </span>
     <span class='ocr_line' id='line_1_46' title="bbox 150 3995 1839 4068; baseline -0.001 -18"><span class='ocrx_word' id='word_1_578' title='bbox 150 3996 222 4064; x_wconf 72' lang='lat' dir='ltr'><em>Eius</em></span> <span class='ocrx_word' id='word_1_579' title='bbox 230 4013 337 4068; x_wconf 86' lang='lat' dir='ltr'><em>pocnoe</em></span> <span class='ocrx_word' id='word_1_580' title='bbox 347 3997 420 4050; x_wconf 84' lang='lat' dir='ltr'><em>tutio</em></span> <span class='ocrx_word' id='word_1_581' title='bbox 435 4013 471 4049; x_wconf 80' lang='lat' dir='ltr'><em>esc</em></span> <span class='ocrx_word' id='word_1_582' title='bbox 485 3997 502 4047; x_wconf 94' lang='grc' dir='ltr'><em>Ι.</em></span> <span class='ocrx_word' id='word_1_583' title='bbox 516 3995 558 4048; x_wconf 88' lang='grc'><em>16.</em></span> <span class='ocrx_word' id='word_1_584' title='bbox 573 4012 595 4048; x_wconf 83' lang='lat' dir='ltr'><em>e.</em></span> <span class='ocrx_word' id='word_1_585' title='bbox 609 3996 635 4048; x_wconf 79' lang='lat' dir='ltr'><em>d.</em></span> <span class='ocrx_word' id='word_1_586' title='bbox 648 3996 766 4062; x_wconf 78' lang='lat' dir='ltr'><em>judiciis.</em></span> <span class='ocrx_word' id='word_1_587' title='bbox 779 4015 807 4051; x_wconf 89' lang='lat' dir='ltr'><em>n.</em></span> <span class='ocrx_word' id='word_1_588' title='bbox 821 3999 864 4052; x_wconf 87' lang='grc'><em>71.</em></span> <span class='ocrx_word' id='word_1_589' title='bbox 1025 3997 1054 4050; x_wconf 86' lang='lat' dir='ltr'><em>in</em></span> <span class='ocrx_word' id='word_1_590' title='bbox 1072 3998 1168 4052; x_wconf 74' lang='lat' dir='ltr'><em>veteris</em></span> <span class='ocrx_word' id='word_1_591' title='bbox 1186 3997 1309 4050; x_wconf 73' lang='lat' dir='ltr'><em>ecciesiae</em></span> <span class='ocrx_word' id='word_1_592' title='bbox 1322 4007 1423 4064; x_wconf 83' lang='lat' dir='ltr'><em>petrum</em></span> <span class='ocrx_word' id='word_1_593' title='bbox 1436 3995 1611 4050; x_wconf 84' lang='lat' dir='ltr'><em>monumentis</em></span> <span class='ocrx_word' id='word_1_594' title='bbox 1625 3997 1766 4050; x_wconf 79' lang='lat' dir='ltr'><em>memorias</em></span> <span class='ocrx_word' id='word_1_595' title='bbox 1780 4015 1839 4066; x_wconf 86' lang='lat' dir='ltr'><em>pro·</em></span> 
     </span>
     <span class='ocr_line' id='line_1_47' title="bbox 151 4078 1838 4152; baseline 0.001 -20"><span class='ocrx_word' id='word_1_596' title='bbox 151 4081 282 4152; x_wconf 76' lang='lat' dir='ltr'><em>Ss&#39;jusieoe</em></span> <span class='ocrx_word' id='word_1_597' title='bbox 291 4081 431 4148; x_wconf 85' lang='lat' dir='ltr'><em>proeteriit</em></span> <span class='ocrx_word' id='word_1_598' title='bbox 443 4083 473 4134; x_wconf 87' lang='lat' dir='ltr'><em>in</em></span> <span class='ocrx_word' id='word_1_599' title='bbox 484 4081 619 4136; x_wconf 83' lang='lat' dir='ltr'><em>sententia</em></span> <span class='ocrx_word' id='word_1_600' title='bbox 632 4099 767 4148; x_wconf 69' lang='lat' dir='ltr'><em>supensos</em></span> <span class='ocrx_word' id='word_1_601' title='bbox 779 4103 837 4138; x_wconf 76' lang='lat' dir='ltr'><em>nou</em></span> <span class='ocrx_word' id='word_1_602' title='bbox 847 4088 944 4152; x_wconf 69' lang='lat' dir='ltr'><em>persiae</em></span> <span class='ocrx_word' id='word_1_603' title='bbox 956 4108 974 4142; x_wconf 74' lang='lat'><em>0</em></span> <span class='ocrx_word' id='word_1_604' title='bbox 1023 4078 1089 4133; x_wconf 86' lang='lat' dir='ltr'><em>ditis</em></span> <span class='ocrx_word' id='word_1_605' title='bbox 1106 4081 1224 4150; x_wconf 77' lang='lat' dir='ltr'><em>exemplu</em></span> <span class='ocrx_word' id='word_1_606' title='bbox 1241 4087 1392 4141; x_wconf 81' lang='lat' dir='ltr'><em>occurrunt,</em></span> <span class='ocrx_word' id='word_1_607' title='bbox 1407 4078 1505 4149; x_wconf 83' lang='lat' dir='ltr'><em>quibus</em></span> <span class='ocrx_word' id='word_1_608' title='bbox 1522 4079 1660 4132; x_wconf 85' lang='lat' dir='ltr'><em>oecssionc</em></span> <span class='ocrx_word' id='word_1_609' title='bbox 1681 4080 1838 4133; x_wconf 68' lang='lat' dir='ltr'><em>assertionis</em></span> 
     </span>
     <span class='ocr_line' id='line_1_48' title="bbox 188 4163 1876 4237; baseline -0.001 -19"><span class='ocrx_word' id='word_1_610' title='bbox 188 4169 312 4232; x_wconf 78' lang='lat' dir='ltr'><em>uictore,</em></span> <span class='ocrx_word' id='word_1_611' title='bbox 329 4181 392 4219; x_wconf 87' lang='lat' dir='ltr'><em>reus</em></span> <span class='ocrx_word' id='word_1_612' title='bbox 412 4165 446 4220; x_wconf 84' lang='lat' dir='ltr'><em>oi</em></span> <span class='ocrx_word' id='word_1_613' title='bbox 464 4167 498 4219; x_wconf 88' lang='lat' dir='ltr'><em>iic</em></span> <span class='ocrx_word' id='word_1_614' title='bbox 515 4167 655 4220; x_wconf 79' lang='lat' dir='ltr'><em>absolutus</em></span> <span class='ocrx_word' id='word_1_615' title='bbox 673 4180 797 4222; x_wconf 87' lang='lat' dir='ltr'><em>censetur</em></span> <span class='ocrx_word' id='word_1_616' title='bbox 812 4169 832 4222; x_wconf 89' lang='lat' dir='ltr'><em>l.</em></span> <span class='ocrx_word' id='word_1_617' title='bbox 857 4171 882 4221; x_wconf 80' lang='grc'><em>6.</em></span> <span class='ocrx_word' id='word_1_618' title='bbox 907 4188 929 4223; x_wconf 86' lang='lat' dir='ltr'><em>c.</em></span> <span class='ocrx_word' id='word_1_619' title='bbox 947 4171 974 4225; x_wconf 75' lang='lat' dir='ltr'><em>«t.</em></span> <span class='ocrx_word' id='word_1_620' title='bbox 1024 4167 1101 4220; x_wconf 84' lang='lat' dir='ltr'><em>istius</em></span> <span class='ocrx_word' id='word_1_621' title='bbox 1119 4181 1152 4218; x_wconf 84' lang='lat' dir='ltr'><em>ex</em></span> <span class='ocrx_word' id='word_1_622' title='bbox 1172 4165 1265 4220; x_wconf 84' lang='lat' dir='ltr'><em>Puuio</em></span> <span class='ocrx_word' id='word_1_623' title='bbox 1283 4163 1379 4234; x_wconf 75' lang='lat' dir='ltr'><em>judicis</em></span> <span class='ocrx_word' id='word_1_624' title='bbox 1397 4165 1509 4232; x_wconf 72' lang='lat' dir='ltr'><em>gessisse</em></span> <span class='ocrx_word' id='word_1_625' title='bbox 1529 4165 1714 4232; x_wconf 68' lang='lat' dir='ltr'><em>perstringoni</em></span> <span class='ocrx_word' id='word_1_626' title='bbox 1727 4167 1780 4221; x_wconf 81' lang='lat' dir='ltr'><em>Sed</em></span> <span class='ocrx_word' id='word_1_627' title='bbox 1795 4185 1836 4234; x_wconf 82' lang='lat' dir='ltr'><em>ps·</em></span> <span class='ocrx_word' id='word_1_628' title='bbox 1857 4187 1876 4237; x_wconf 74' lang='lat' dir='ltr'>g</span> 
     </span>
     <span class='ocr_line' id='line_1_49' title="bbox 187 4247 1839 4322; baseline -0.001 -20"><span class='ocrx_word' id='word_1_629' title='bbox 187 4249 303 4304; x_wconf 81' lang='lat' dir='ltr'><em>iruetib.</em></span> <span class='ocrx_word' id='word_1_630' title='bbox 323 4261 350 4304; x_wconf 90' lang='lat' dir='ltr'><em>et</em></span> <span class='ocrx_word' id='word_1_631' title='bbox 369 4251 411 4302; x_wconf 85' lang='lat' dir='ltr'><em>tis.</em></span> <span class='ocrx_word' id='word_1_632' title='bbox 431 4267 540 4319; x_wconf 81' lang='lat' dir='ltr'><em>expcns.</em></span> <span class='ocrx_word' id='word_1_633' title='bbox 560 4249 681 4318; x_wconf 66' lang='lat' dir='ltr'><em>cssiip&#39;ute</em></span> <span class='ocrx_word' id='word_1_634' title='bbox 697 4255 813 4308; x_wconf 78' lang='lat' dir='ltr'><em>notionis</em></span> <span class='ocrx_word' id='word_1_635' title='bbox 829 4255 975 4322; x_wconf 84' lang='lat' dir='ltr'><em>scporotim</em></span> <span class='ocrx_word' id='word_1_636' title='bbox 1027 4261 1080 4304; x_wconf 84' lang='lat' dir='ltr'><em>tres</em></span> <span class='ocrx_word' id='word_1_637' title='bbox 1095 4251 1140 4302; x_wconf 88' lang='lat' dir='ltr'><em>isti</em></span> <span class='ocrx_word' id='word_1_638' title='bbox 1160 4250 1200 4304; x_wconf 79' lang='lat' dir='ltr'><em>sel</em></span> <span class='ocrx_word' id='word_1_639' title='bbox 1219 4249 1362 4318; x_wconf 79' lang='lat' dir='ltr'><em>rigorosius</em></span> <span class='ocrx_word' id='word_1_640' title='bbox 1379 4247 1413 4300; x_wconf 85' lang='lat' dir='ltr'><em>de</em></span> <span class='ocrx_word' id='word_1_641' title='bbox 1430 4248 1535 4312; x_wconf 78' lang='lat' dir='ltr'><em>iudiciis</em></span> <span class='ocrx_word' id='word_1_642' title='bbox 1553 4249 1632 4301; x_wconf 68' lang='lat' dir='ltr'><em>locuti</em></span> <span class='ocrx_word' id='word_1_643' title='bbox 1651 4261 1721 4312; x_wconf 76' lang='lat' dir='ltr'><em>ssent,</em></span> <span class='ocrx_word' id='word_1_644' title='bbox 1741 4259 1770 4301; x_wconf 86' lang='lat' dir='ltr'><em>nt</em></span> <span class='ocrx_word' id='word_1_645' title='bbox 1782 4268 1839 4319; x_wconf 74' lang='lat' dir='ltr'><em>pre·</em></span> 
     </span>
     <span class='ocr_line' id='line_1_50' title="bbox 190 4331 1842 4402; baseline -0.002 -14"><span class='ocrx_word' id='word_1_646' title='bbox 190 4335 356 4388; x_wconf 76' lang='lat' dir='ltr'><em>debeantur.</em></span> <span class='ocrx_word' id='word_1_647' title='bbox 370 4351 397 4386; x_wconf 93' lang='lat' dir='ltr'><em>n.</em></span> <span class='ocrx_word' id='word_1_648' title='bbox 411 4333 455 4386; x_wconf 79' lang='lat' dir='ltr'><em>tt.</em></span> <span class='ocrx_word' id='word_1_649' title='bbox 1027 4350 1084 4387; x_wconf 81' lang='lat' dir='ltr'><em>rum</em></span> <span class='ocrx_word' id='word_1_650' title='bbox 1106 4351 1204 4388; x_wconf 81' lang='lat' dir='ltr'><em>morem</em></span> <span class='ocrx_word' id='word_1_651' title='bbox 1225 4332 1349 4402; x_wconf 70' lang='lat' dir='ltr'><em>litigandi</em></span> <span class='ocrx_word' id='word_1_652' title='bbox 1369 4333 1500 4395; x_wconf 81' lang='lat' dir='ltr'><em>tollerent,</em></span> <span class='ocrx_word' id='word_1_653' title='bbox 1519 4331 1582 4385; x_wconf 84' lang='lat' dir='ltr'><em>sium</em></span> <span class='ocrx_word' id='word_1_654' title='bbox 1595 4331 1717 4388; x_wconf 81' lang='lat' dir='ltr'><em>viderunt</em></span> <span class='ocrx_word' id='word_1_655' title='bbox 1730 4335 1842 4386; x_wconf 83' lang='lat' dir='ltr'><em>necessi·</em></span> 
     </span>
     <span class='ocr_line' id='line_1_51' title="bbox 153 4415 1843 4490; baseline -0.002 -18"><span class='ocrx_word' id='word_1_656' title='bbox 153 4417 208 4472; x_wconf 79' lang='lat' dir='ltr'><em>ten</em></span> <span class='ocrx_word' id='word_1_657' title='bbox 220 4417 250 4471; x_wconf 86' lang='lat' dir='ltr'><em>in</em></span> <span class='ocrx_word' id='word_1_658' title='bbox 260 4417 383 4490; x_wconf 73' lang='lat' dir='ltr'><em>judicem</em></span> <span class='ocrx_word' id='word_1_659' title='bbox 401 4415 440 4470; x_wconf 84' lang='lat' dir='ltr'><em>tiu</em></span> <span class='ocrx_word' id='word_1_660' title='bbox 455 4433 543 4483; x_wconf 81' lang='lat' dir='ltr'><em>prosse</em></span> <span class='ocrx_word' id='word_1_661' title='bbox 561 4419 728 4472; x_wconf 85' lang='lat' dir='ltr'><em>omittentem</em></span> <span class='ocrx_word' id='word_1_662' title='bbox 746 4437 793 4477; x_wconf 84' lang='lat' dir='ltr'><em>cos</em></span> <span class='ocrx_word' id='word_1_663' title='bbox 804 4423 886 4476; x_wconf 62' lang='lat' dir='ltr'><em>essem</em></span> <span class='ocrx_word' id='word_1_664' title='bbox 899 4423 978 4478; x_wconf 84' lang='lat' dir='ltr'><em>siotur</em></span> <span class='ocrx_word' id='word_1_665' title='bbox 1026 4427 1101 4471; x_wconf 84' lang='lat' dir='ltr'><em>tutem</em></span> <span class='ocrx_word' id='word_1_666' title='bbox 1121 4420 1208 4486; x_wconf 76' lang='lat' dir='ltr'><em>ipsum</em></span> <span class='ocrx_word' id='word_1_667' title='bbox 1227 4417 1297 4470; x_wconf 86' lang='lat' dir='ltr'><em>inter</em></span> <span class='ocrx_word' id='word_1_668' title='bbox 1316 4416 1474 4468; x_wconf 81' lang='lat' dir='ltr'><em>cbristiuuos</em></span> <span class='ocrx_word' id='word_1_669' title='bbox 1490 4416 1572 4470; x_wconf 83' lang='lat' dir='ltr'><em>etiem</em></span> <span class='ocrx_word' id='word_1_670' title='bbox 1591 4415 1706 4486; x_wconf 84' lang='lat' dir='ltr'><em>optimos</em></span> <span class='ocrx_word' id='word_1_671' title='bbox 1725 4417 1843 4470; x_wconf 86' lang='lat' dir='ltr'><em>reductu-</em></span> 
     </span>
     <span class='ocr_line' id='line_1_52' title="bbox 191 4499 1837 4571; baseline -0.001 -15"><span class='ocrx_word' id='word_1_672' title='bbox 191 4503 277 4557; x_wconf 80' lang='lat' dir='ltr'><em>actio·</em></span> <span class='ocrx_word' id='word_1_673' title='bbox 290 4521 318 4556; x_wconf 92' lang='grc' dir='ltr'><em>ιι.</em></span> <span class='ocrx_word' id='word_1_674' title='bbox 332 4503 376 4552; x_wconf 79' lang='grc'><em>76.</em></span> <span class='ocrx_word' id='word_1_675' title='bbox 1027 4517 1082 4554; x_wconf 78' lang='lat' dir='ltr'><em>rom</em></span> <span class='ocrx_word' id='word_1_676' title='bbox 1100 4517 1156 4554; x_wconf 79' lang='lat' dir='ltr'><em>csse</em></span> <span class='ocrx_word' id='word_1_677' title='bbox 1173 4502 1237 4566; x_wconf 81' lang='lat' dir='ltr'><em>josto</em></span> <span class='ocrx_word' id='word_1_678' title='bbox 1255 4499 1369 4570; x_wconf 67' lang='lat' dir='ltr'><em>judicisc</em></span> <span class='ocrx_word' id='word_1_679' title='bbox 1387 4501 1427 4554; x_wconf 74' lang='lat' dir='ltr'><em>set</em></span> <span class='ocrx_word' id='word_1_680' title='bbox 1446 4501 1485 4552; x_wconf 87' lang='lat' dir='ltr'><em>uti</em></span> <span class='ocrx_word' id='word_1_681' title='bbox 1505 4500 1534 4552; x_wconf 88' lang='lat' dir='ltr'><em>iu</em></span> <span class='ocrx_word' id='word_1_682' title='bbox 1552 4499 1614 4552; x_wconf 84' lang='lat' dir='ltr'><em>uiiis</em></span> <span class='ocrx_word' id='word_1_683' title='bbox 1625 4501 1789 4571; x_wconf 64' lang='lat' dir='ltr'><em>qusoioqum</em></span> <span class='ocrx_word' id='word_1_684' title='bbox 1802 4503 1837 4554; x_wconf 79' lang='lat' dir='ltr'><em>iu·</em></span> 
     </span>
     <span class='ocr_line' id='line_1_53' title="bbox 155 4583 1874 4656; baseline 0 -17"><span class='ocrx_word' id='word_1_685' title='bbox 155 4586 347 4639; x_wconf 85' lang='lat' dir='ltr'><em>Communiter</em></span> <span class='ocrx_word' id='word_1_686' title='bbox 348 4583 418 4654; x_wconf 87' lang='lat' dir='ltr'><em>scre</em></span> <span class='ocrx_word' id='word_1_687' title='bbox 429 4586 474 4640; x_wconf 83' lang='lat' dir='ltr'><em>sisi·</em></span> <span class='ocrx_word' id='word_1_688' title='bbox 487 4583 518 4637; x_wconf 89' lang='lat' dir='ltr'><em>in</em></span> <span class='ocrx_word' id='word_1_689' title='bbox 535 4602 566 4639; x_wconf 91' lang='lat' dir='ltr'><em>eo</em></span> <span class='ocrx_word' id='word_1_690' title='bbox 580 4586 796 4652; x_wconf 72' lang='lat' dir='ltr'><em>dissentiunt,ct</em></span> <span class='ocrx_word' id='word_1_691' title='bbox 805 4587 980 4644; x_wconf 75' lang='lat' dir='ltr'><em>dissentiendi</em></span> <span class='ocrx_word' id='word_1_692' title='bbox 1026 4601 1128 4654; x_wconf 79' lang='lat' dir='ltr'><em>quoquc</em></span> <span class='ocrx_word' id='word_1_693' title='bbox 1146 4585 1175 4637; x_wconf 87' lang='lat' dir='ltr'><em>iu</em></span> <span class='ocrx_word' id='word_1_694' title='bbox 1194 4584 1237 4638; x_wconf 80' lang='lat' dir='ltr'><em>his</em></span> <span class='ocrx_word' id='word_1_695' title='bbox 1261 4585 1330 4656; x_wconf 82' lang='lat' dir='ltr'><em>possi</em></span> <span class='ocrx_word' id='word_1_696' title='bbox 1355 4592 1417 4637; x_wconf 82' lang='lat' dir='ltr'><em>sunt</em></span> <span class='ocrx_word' id='word_1_697' title='bbox 1442 4599 1534 4636; x_wconf 76' lang='lat' dir='ltr'><em>necros</em></span> <span class='ocrx_word' id='word_1_698' title='bbox 1560 4599 1627 4637; x_wconf 84' lang='lat' dir='ltr'><em>suos.</em></span> <span class='ocrx_word' id='word_1_699' title='bbox 1653 4583 1835 4654; x_wconf 70' lang='lat' dir='ltr'><em>Praeterquam</em></span> <span class='ocrx_word' id='word_1_700' title='bbox 1857 4593 1874 4644; x_wconf 75' lang='lat'>0</span> 
     </span>
     <span class='ocr_line' id='line_1_54' title="bbox 190 4669 1839 4740; baseline 0 -18"><span class='ocrx_word' id='word_1_701' title='bbox 190 4671 276 4722; x_wconf 82' lang='lat' dir='ltr'><em>rosio.</em></span> <span class='ocrx_word' id='word_1_702' title='bbox 292 4687 321 4720; x_wconf 93' lang='lat' dir='ltr'><em>n·</em></span> <span class='ocrx_word' id='word_1_703' title='bbox 335 4669 380 4724; x_wconf 85' lang='grc'><em>71.</em></span> <span class='ocrx_word' id='word_1_704' title='bbox 1029 4671 1100 4724; x_wconf 82' lang='lat' dir='ltr'><em>euim</em></span> <span class='ocrx_word' id='word_1_705' title='bbox 1118 4669 1198 4740; x_wconf 80' lang='lat' dir='ltr'><em>quoi,</em></span> <span class='ocrx_word' id='word_1_706' title='bbox 1216 4671 1262 4739; x_wconf 72' lang='lat' dir='ltr'><em>qui</em></span> <span class='ocrx_word' id='word_1_707' title='bbox 1281 4680 1387 4724; x_wconf 83' lang='lat' dir='ltr'><em>essenus</em></span> <span class='ocrx_word' id='word_1_708' title='bbox 1405 4686 1465 4738; x_wconf 68' lang='lat' dir='ltr'><em>ceps</em></span> <span class='ocrx_word' id='word_1_709' title='bbox 1484 4670 1635 4738; x_wconf 81' lang='lat' dir='ltr'><em>proximum</em></span> <span class='ocrx_word' id='word_1_710' title='bbox 1654 4669 1839 4724; x_wconf 76' lang='lat' dir='ltr'><em>misericordes</em></span> 
     </span>
     <span class='ocr_line' id='line_1_55' title="bbox 154 4751 1839 4825; baseline 0.001 -19"><span class='ocrx_word' id='word_1_711' title='bbox 154 4751 211 4806; x_wconf 78' lang='lat' dir='ltr'><em>Sed</em></span> <span class='ocrx_word' id='word_1_712' title='bbox 222 4751 396 4825; x_wconf 81' lang='lat' dir='ltr'><em>ssssirmotioo</em></span> <span class='ocrx_word' id='word_1_713' title='bbox 410 4751 509 4808; x_wconf 79' lang='lat' dir='ltr'><em>terior.</em></span> <span class='ocrx_word' id='word_1_714' title='bbox 522 4771 550 4806; x_wconf 86' lang='grc' dir='ltr'><em>ιι.</em></span> <span class='ocrx_word' id='word_1_715' title='bbox 562 4754 606 4806; x_wconf 80' lang='lat' dir='ltr'><em>ts.</em></span> <span class='ocrx_word' id='word_1_716' title='bbox 1028 4763 1103 4819; x_wconf 82' lang='lat' dir='ltr'><em>suus,</em></span> <span class='ocrx_word' id='word_1_717' title='bbox 1123 4755 1323 4825; x_wconf 77' lang='lat' dir='ltr'><em>intempestivos</em></span> <span class='ocrx_word' id='word_1_718' title='bbox 1340 4770 1402 4809; x_wconf 83' lang='lat' dir='ltr'><em>sose</em></span> <span class='ocrx_word' id='word_1_719' title='bbox 1427 4753 1625 4808; x_wconf 76' lang='lat' dir='ltr'><em>misericordiae</em></span> <span class='ocrx_word' id='word_1_720' title='bbox 1645 4771 1740 4824; x_wconf 80' lang='lat' dir='ltr'><em>poenes</em></span> <span class='ocrx_word' id='word_1_721' title='bbox 1763 4757 1839 4820; x_wconf 73' lang='lat' dir='ltr'><em>dous,</em></span> 
     </span>
     <span class='ocr_line' id='line_1_56' title="bbox 158 4835 1841 4909; baseline 0.001 -20"><span class='ocrx_word' id='word_1_722' title='bbox 158 4835 288 4908; x_wconf 75' lang='lat' dir='ltr'><em>Csrpcm.</em></span> <span class='ocrx_word' id='word_1_723' title='bbox 301 4835 545 4904; x_wconf 72' lang='lat' dir='ltr'><em>ousiicmeeousore</em></span> <span class='ocrx_word' id='word_1_724' title='bbox 557 4837 980 4909; x_wconf 77' lang='lat' dir='ltr'><em>uideturiuds‘cem,ets&#39;snputore</em></span> <span class='ocrx_word' id='word_1_725' title='bbox 1028 4838 1100 4907; x_wconf 81' lang='lat' dir='ltr'><em>quod</em></span> <span class='ocrx_word' id='word_1_726' title='bbox 1117 4839 1242 4892; x_wconf 63' lang='lat' dir='ltr'><em>&amp;nuum</em></span> <span class='ocrx_word' id='word_1_727' title='bbox 1261 4837 1366 4907; x_wconf 76' lang='lat' dir='ltr'><em>neptus</em></span> <span class='ocrx_word' id='word_1_728' title='bbox 1383 4855 1435 4890; x_wconf 87' lang='lat' dir='ltr'><em>oon</em></span> <span class='ocrx_word' id='word_1_729' title='bbox 1455 4839 1510 4892; x_wconf 85' lang='grc' dir='ltr'><strong>Ιιιι</strong></span> <span class='ocrx_word' id='word_1_730' title='bbox 1528 4838 1680 4902; x_wconf 74' lang='lat' dir='ltr'><em>ineruerent,</em></span> <span class='ocrx_word' id='word_1_731' title='bbox 1700 4855 1841 4891; x_wconf 77' lang='lat' dir='ltr'><em>recuses</em></span> 
     </span>
     <span class='ocr_line' id='line_1_57' title="bbox 193 4919 1843 4991; baseline -0.001 -16"><span class='ocrx_word' id='word_1_732' title='bbox 193 4921 283 4990; x_wconf 84' lang='lat' dir='ltr'><em>porti,</em></span> <span class='ocrx_word' id='word_1_733' title='bbox 294 4921 370 4989; x_wconf 74' lang='lat' dir='ltr'><em>quod</em></span> <span class='ocrx_word' id='word_1_734' title='bbox 381 4940 439 4974; x_wconf 86' lang='lat' dir='ltr'><em>non</em></span> <span class='ocrx_word' id='word_1_735' title='bbox 452 4923 738 4989; x_wconf 76' lang='lat' dir='ltr'><em>uppetteoeu&#39;e.o.·1t.</em></span> <span class='ocrx_word' id='word_1_736' title='bbox 1031 4920 1156 4974; x_wconf 84' lang='lat' dir='ltr'><em>isciiitstc</em></span> <span class='ocrx_word' id='word_1_737' title='bbox 1173 4919 1257 4973; x_wconf 83' lang='lat' dir='ltr'><em>nimis</em></span> <span class='ocrx_word' id='word_1_738' title='bbox 1274 4929 1403 4984; x_wconf 70' lang='lat' dir='ltr'><em>urentes,</em></span> <span class='ocrx_word' id='word_1_739' title='bbox 1423 4921 1502 4974; x_wconf 86' lang='lat' dir='ltr'><em>etism</em></span> <span class='ocrx_word' id='word_1_740' title='bbox 1522 4921 1549 4972; x_wconf 86' lang='lat' dir='ltr'><em>io</em></span> <span class='ocrx_word' id='word_1_741' title='bbox 1571 4921 1654 4972; x_wconf 84' lang='lat' dir='ltr'><em>Deum</em></span> <span class='ocrx_word' id='word_1_742' title='bbox 1668 4932 1695 4972; x_wconf 88' lang='lat' dir='ltr'><em>ct</em></span> <span class='ocrx_word' id='word_1_743' title='bbox 1716 4923 1843 4991; x_wconf 76' lang='lat' dir='ltr'><em>reipubli-</em></span> 
     </span>
     <span class='ocr_line' id='line_1_58' title="bbox 158 5002 1844 5073; baseline -0.001 -15"><span class='ocrx_word' id='word_1_744' title='bbox 158 5003 714 5073; x_wconf 80' lang='lat' dir='ltr'><em>Sedomissooppeiiosiopartemot&#39;etom</em></span> <span class='ocrx_word' id='word_1_745' title='bbox 733 5023 858 5064; x_wconf 80' lang='lat' dir='ltr'><em>secutum</em></span> <span class='ocrx_word' id='word_1_746' title='bbox 877 5007 980 5072; x_wconf 78' lang='lat' dir='ltr'><em>rediit,</em></span> <span class='ocrx_word' id='word_1_747' title='bbox 1030 5022 1075 5057; x_wconf 82' lang='lat' dir='ltr'><em>osc</em></span> <span class='ocrx_word' id='word_1_748' title='bbox 1094 5002 1201 5056; x_wconf 64' lang='lat' dir='ltr'><em>”luteus</em></span> <span class='ocrx_word' id='word_1_749' title='bbox 1223 5013 1343 5072; x_wconf 61' lang='lat' dir='ltr'><em>merent,</em></span> <span class='ocrx_word' id='word_1_750' title='bbox 1362 5002 1407 5071; x_wconf 86' lang='lat' dir='ltr'><em>qui</em></span> <span class='ocrx_word' id='word_1_751' title='bbox 1428 5005 1455 5055; x_wconf 89' lang='lat' dir='ltr'><em>in</em></span> <span class='ocrx_word' id='word_1_752' title='bbox 1474 5003 1571 5071; x_wconf 82' lang='lat' dir='ltr'><em>judicis</em></span> <span class='ocrx_word' id='word_1_753' title='bbox 1596 5006 1663 5071; x_wconf 81' lang='lat' dir='ltr'><em>juste</em></span> <span class='ocrx_word' id='word_1_754' title='bbox 1690 5005 1749 5056; x_wconf 83' lang='lat' dir='ltr'><em>itieo</em></span> <span class='ocrx_word' id='word_1_755' title='bbox 1774 5006 1844 5058; x_wconf 81' lang='lat' dir='ltr'><em>iuce-</em></span> 
     </span>
     <span class='ocr_line' id='line_1_59' title="bbox 195 5085 1843 5163; baseline 0 -22"><span class='ocrx_word' id='word_1_756' title='bbox 195 5107 256 5142; x_wconf 88' lang='lat' dir='ltr'><em>non</em></span> <span class='ocrx_word' id='word_1_757' title='bbox 264 5088 395 5163; x_wconf 78' lang='lat' dir='ltr'><em>judicem,</em></span> <span class='ocrx_word' id='word_1_758' title='bbox 408 5095 457 5161; x_wconf 74' lang='lat' dir='ltr'><em>qui</em></span> <span class='ocrx_word' id='word_1_759' title='bbox 467 5111 503 5146; x_wconf 74' lang='grc' dir='ltr'><em>ιι</em></span> <span class='ocrx_word' id='word_1_760' title='bbox 516 5111 564 5147; x_wconf 88' lang='lat' dir='ltr'><em>suo</em></span> <span class='ocrx_word' id='word_1_761' title='bbox 579 5091 698 5147; x_wconf 79' lang='lat' dir='ltr'><em>udmu‘sso</em></span> <span class='ocrx_word' id='word_1_762' title='bbox 711 5101 823 5146; x_wconf 80' lang='grc' dir='ltr'><strong>ιιιιιιιι.</strong></span> <span class='ocrx_word' id='word_1_763' title='bbox 837 5111 864 5145; x_wconf 84' lang='grc' dir='ltr'><em>ιι.</em></span> <span class='ocrx_word' id='word_1_764' title='bbox 877 5095 924 5146; x_wconf 79' lang='grc'><strong>’17.</strong></span> <span class='ocrx_word' id='word_1_765' title='bbox 1031 5089 1140 5149; x_wconf 77' lang='lat' dir='ltr'><em>ioosotc</em></span> <span class='ocrx_word' id='word_1_766' title='bbox 1160 5087 1279 5155; x_wconf 81' lang='lat' dir='ltr'><em>Spiritus</em></span> <span class='ocrx_word' id='word_1_767' title='bbox 1297 5087 1408 5139; x_wconf 73' lang='lat' dir='ltr'><em>Sanctus</em></span> <span class='ocrx_word' id='word_1_768' title='bbox 1426 5085 1498 5138; x_wconf 84' lang='lat' dir='ltr'><em>euim</em></span> <span class='ocrx_word' id='word_1_769' title='bbox 1518 5087 1546 5138; x_wconf 92' lang='lat' dir='ltr'><em>iu</em></span> <span class='ocrx_word' id='word_1_770' title='bbox 1565 5085 1637 5138; x_wconf 75' lang='lat' dir='ltr'><em>elicto</em></span> <span class='ocrx_word' id='word_1_771' title='bbox 1650 5088 1737 5141; x_wconf 84' lang='lat' dir='ltr'><em>Pouii</em></span> <span class='ocrx_word' id='word_1_772' title='bbox 1749 5089 1785 5144; x_wconf 79' lang='lat' dir='ltr'><em>ori</em></span> <span class='ocrx_word' id='word_1_773' title='bbox 1796 5093 1843 5146; x_wconf 81' lang='lat' dir='ltr'><em>Co-</em></span> 
     </span>
     <span class='ocr_line' id='line_1_60' title="bbox 161 5167 1844 5242; baseline 0.001 -17"><span class='ocrx_word' id='word_1_774' title='bbox 161 5171 239 5240; x_wconf 77' lang='lat' dir='ltr'><em>Quid</em></span> <span class='ocrx_word' id='word_1_775' title='bbox 268 5190 450 5242; x_wconf 63' lang='lat' dir='ltr'><em>expensurum</em></span> <span class='ocrx_word' id='word_1_776' title='bbox 478 5176 706 5232; x_wconf 62' lang='lat' dir='ltr'><em>caerimoniarum</em></span> <span class='ocrx_word' id='word_1_777' title='bbox 730 5175 840 5231; x_wconf 71' lang='lat' dir='ltr'><em>nomine</em></span> <span class='ocrx_word' id='word_1_778' title='bbox 865 5177 981 5232; x_wconf 70' lang='lat' dir='ltr'><em>uenias?</em></span> <span class='ocrx_word' id='word_1_779' title='bbox 1031 5170 1156 5235; x_wconf 84' lang='lat' dir='ltr'><em>rintitios,</em></span> <span class='ocrx_word' id='word_1_780' title='bbox 1175 5169 1272 5237; x_wconf 77' lang='lat' dir='ltr'><em>judicis</em></span> <span class='ocrx_word' id='word_1_781' title='bbox 1291 5179 1316 5222; x_wconf 87' lang='lat' dir='ltr'><em>cs</em></span> <span class='ocrx_word' id='word_1_782' title='bbox 1333 5167 1436 5237; x_wconf 79' lang='lat' dir='ltr'><em>judices</em></span> <span class='ocrx_word' id='word_1_783' title='bbox 1454 5169 1481 5221; x_wconf 86' lang='lat' dir='ltr'><em>iu</em></span> <span class='ocrx_word' id='word_1_784' title='bbox 1502 5169 1622 5238; x_wconf 80' lang='lat' dir='ltr'><em>populum</em></span> <span class='ocrx_word' id='word_1_785' title='bbox 1639 5169 1687 5224; x_wconf 83' lang='lat' dir='ltr'><em>Dei</em></span> <span class='ocrx_word' id='word_1_786' title='bbox 1698 5176 1844 5228; x_wconf 70' lang='lat' dir='ltr'><em>constituit.</em></span> 
     </span>
     <span class='ocr_line' id='line_1_61' title="bbox 203 5256 1846 5330; baseline -0.001 -21"><span class='ocrx_word' id='word_1_787' title='bbox 203 5273 235 5309; x_wconf 90' lang='grc' dir='ltr'><em>ιι.</em></span> <span class='ocrx_word' id='word_1_788' title='bbox 255 5260 301 5312; x_wconf 82' lang='grc'><em>78.</em></span> <span class='ocrx_word' id='word_1_789' title='bbox 1032 5257 1079 5308; x_wconf 74' lang='lat' dir='ltr'><em>sm</em></span> <span class='ocrx_word' id='word_1_790' title='bbox 1097 5257 1168 5310; x_wconf 82' lang='lat' dir='ltr'><em>cuim</em></span> <span class='ocrx_word' id='word_1_791' title='bbox 1190 5256 1299 5310; x_wconf 85' lang='lat' dir='ltr'><em>Deuter.</em></span> <span class='ocrx_word' id='word_1_792' title='bbox 1319 5256 1360 5307; x_wconf 89' lang='grc'><em>16.</em></span> <span class='ocrx_word' id='word_1_793' title='bbox 1379 5270 1446 5308; x_wconf 85' lang='lat' dir='ltr'><em>oert.</em></span> <span class='ocrx_word' id='word_1_794' title='bbox 1468 5257 1510 5307; x_wconf 83' lang='lat'><em>18.</em></span> <span class='ocrx_word' id='word_1_795' title='bbox 1531 5257 1675 5325; x_wconf 69' lang='lat' dir='ltr'><em>praesepis:</em></span> <span class='ocrx_word' id='word_1_796' title='bbox 1696 5260 1802 5330; x_wconf 73' lang='lat' dir='ltr'><em>judices</em></span> <span class='ocrx_word' id='word_1_797' title='bbox 1818 5275 1846 5315; x_wconf 71' lang='lat' dir='ltr'><em>ec</em></span> 
     </span>
     <span class='ocr_line' id='line_1_62' title="bbox 162 5339 1844 5417; baseline -0.004 -15"><span class='ocrx_word' id='word_1_798' title='bbox 162 5355 212 5406; x_wconf 84' lang='lat' dir='ltr'><em>An</em></span> <span class='ocrx_word' id='word_1_799' title='bbox 231 5363 315 5417; x_wconf 79' lang='lat' dir='ltr'><em>cossus</em></span> <span class='ocrx_word' id='word_1_800' title='bbox 327 5345 358 5399; x_wconf 92' lang='lat' dir='ltr'><em>in</em></span> <span class='ocrx_word' id='word_1_801' title='bbox 371 5347 486 5409; x_wconf 86' lang='lat' dir='ltr'><em>itincre,</em></span> <span class='ocrx_word' id='word_1_802' title='bbox 510 5347 635 5412; x_wconf 77' lang='lat' dir='ltr'><em>poentio,</em></span> <span class='ocrx_word' id='word_1_803' title='bbox 660 5345 708 5414; x_wconf 78' lang='lat' dir='ltr'><em>uui</em></span> <span class='ocrx_word' id='word_1_804' title='bbox 730 5356 810 5400; x_wconf 71' lang='lat' dir='ltr'><em>estro</em></span> <span class='ocrx_word' id='word_1_805' title='bbox 827 5350 912 5400; x_wconf 74' lang='lat' dir='ltr'><em>teum</em></span> <span class='ocrx_word' id='word_1_806' title='bbox 931 5348 982 5402; x_wconf 77' lang='lat' dir='ltr'><em>do-</em></span> <span class='ocrx_word' id='word_1_807' title='bbox 1032 5344 1214 5396; x_wconf 80' lang='lat' dir='ltr'><em>moderotorss</em></span> <span class='ocrx_word' id='word_1_808' title='bbox 1231 5344 1366 5396; x_wconf 86' lang='lat' dir='ltr'><em>constituo</em></span> <span class='ocrx_word' id='word_1_809' title='bbox 1380 5339 1689 5410; x_wconf 70' lang='lat' dir='ltr'><em>etsttnetrs5uttsportts</em></span> <span class='ocrx_word' id='word_1_810' title='bbox 1701 5347 1765 5410; x_wconf 84' lang='lat' dir='ltr'><em>tuis,</em></span> <span class='ocrx_word' id='word_1_811' title='bbox 1777 5367 1844 5414; x_wconf 74' lang='lat' dir='ltr'><em>qnae</em></span> 
     </span>
     <span class='ocr_line' id='line_1_63' title="bbox 198 5424 1844 5498; baseline 0.001 -16"><span class='ocrx_word' id='word_1_812' title='bbox 198 5430 299 5484; x_wconf 80' lang='lat' dir='ltr'><em>miciiii</em></span> <span class='ocrx_word' id='word_1_813' title='bbox 321 5439 361 5484; x_wconf 90' lang='lat' dir='ltr'><em>cst</em></span> <span class='ocrx_word' id='word_1_814' title='bbox 378 5439 527 5495; x_wconf 81' lang='lat' dir='ltr'><em>evocetur,</em></span> <span class='ocrx_word' id='word_1_815' title='bbox 545 5445 575 5483; x_wconf 84' lang='lat' dir='ltr'><em>ts</em></span> <span class='ocrx_word' id='word_1_816' title='bbox 590 5429 685 5482; x_wconf 85' lang='lat' dir='ltr'><em>sistere</em></span> <span class='ocrx_word' id='word_1_817' title='bbox 701 5431 770 5493; x_wconf 75' lang='lat' dir='ltr'><em>vetit,</em></span> <span class='ocrx_word' id='word_1_818' title='bbox 787 5431 856 5484; x_wconf 86' lang='lat' dir='ltr'><em>citro</em></span> <span class='ocrx_word' id='word_1_819' title='bbox 874 5433 981 5496; x_wconf 85' lang='lat' dir='ltr'><em>ouipom</em></span> <span class='ocrx_word' id='word_1_820' title='bbox 1033 5427 1138 5481; x_wconf 81' lang='lat' dir='ltr'><em>Jeisooo</em></span> <span class='ocrx_word' id='word_1_821' title='bbox 1157 5427 1304 5481; x_wconf 89' lang='lat' dir='ltr'><em>Deustuut</em></span> <span class='ocrx_word' id='word_1_822' title='bbox 1321 5425 1368 5478; x_wconf 85' lang='lat' dir='ltr'><em>siut</em></span> <span class='ocrx_word' id='word_1_823' title='bbox 1385 5424 1443 5488; x_wconf 69' lang='lat' dir='ltr'><em>tibi,</em></span> <span class='ocrx_word' id='word_1_824' title='bbox 1460 5425 1609 5490; x_wconf 73' lang='lat' dir='ltr'><em>pestribus</em></span> <span class='ocrx_word' id='word_1_825' title='bbox 1625 5431 1844 5498; x_wconf 63' lang='lat' dir='ltr'><em>tuomquiy&#39;nds&#39;·</em></span> 
     </span>
     <span class='ocr_line' id='line_1_64' title="bbox 195 5508 1844 5583; baseline -0.002 -15"><span class='ocrx_word' id='word_1_826' title='bbox 195 5519 287 5582; x_wconf 84' lang='lat' dir='ltr'><em>pertic</em></span> <span class='ocrx_word' id='word_1_827' title='bbox 300 5513 448 5578; x_wconf 80' lang='lat' dir='ltr'><em>moriatur,</em></span> <span class='ocrx_word' id='word_1_828' title='bbox 461 5511 491 5565; x_wconf 89' lang='lat' dir='ltr'><em>in</em></span> <span class='ocrx_word' id='word_1_829' title='bbox 505 5528 637 5583; x_wconf 70' lang='lat' dir='ltr'><em>expensos</em></span> <span class='ocrx_word' id='word_1_830' title='bbox 655 5512 832 5570; x_wconf 77' lang='lat' dir='ltr'><em>restituendos</em></span> <span class='ocrx_word' id='word_1_831' title='bbox 850 5525 981 5581; x_wconf 82' lang='lat' dir='ltr'><em>compute·</em></span> <span class='ocrx_word' id='word_1_832' title='bbox 1030 5521 1092 5564; x_wconf 85' lang='lat' dir='ltr'><em>cent</em></span> <span class='ocrx_word' id='word_1_833' title='bbox 1107 5511 1234 5578; x_wconf 77' lang='lat' dir='ltr'><em>populum</em></span> <span class='ocrx_word' id='word_1_834' title='bbox 1246 5508 1351 5581; x_wconf 81' lang='lat' dir='ltr'><em>judicio</em></span> <span class='ocrx_word' id='word_1_835' title='bbox 1364 5510 1450 5582; x_wconf 86' lang='lat' dir='ltr'><em>jusso.</em></span> <span class='ocrx_word' id='word_1_836' title='bbox 1469 5509 1502 5560; x_wconf 81' lang='lat' dir='ltr'><em>Et</em></span> <span class='ocrx_word' id='word_1_837' title='bbox 1521 5527 1573 5562; x_wconf 86' lang='lat' dir='ltr'><em>oon</em></span> <span class='ocrx_word' id='word_1_838' title='bbox 1589 5511 1716 5572; x_wconf 71' lang='lat' dir='ltr'><em>hominis.</em></span> <span class='ocrx_word' id='word_1_839' title='bbox 1730 5517 1775 5566; x_wconf 79' lang='lat' dir='ltr'><em>sei</em></span> <span class='ocrx_word' id='word_1_840' title='bbox 1794 5517 1844 5566; x_wconf 79' lang='lat' dir='ltr'><em>issi</em></span> 
     </span>
     <span class='ocr_line' id='line_1_65' title="bbox 199 5595 1847 5666; baseline 0.001 -16"><span class='ocrx_word' id='word_1_841' title='bbox 199 5599 268 5656; x_wconf 82' lang='lat' dir='ltr'><em>tur?</em></span> <span class='ocrx_word' id='word_1_842' title='bbox 281 5600 365 5654; x_wconf 81' lang='grc' dir='ltr'><strong>ιι.76.</strong></span> <span class='ocrx_word' id='word_1_843' title='bbox 1028 5595 1128 5662; x_wconf 83' lang='lat' dir='ltr'><em>jusiiois</em></span> <span class='ocrx_word' id='word_1_844' title='bbox 1147 5613 1204 5650; x_wconf 84' lang='lat' dir='ltr'><em>csse</em></span> <span class='ocrx_word' id='word_1_845' title='bbox 1222 5595 1402 5666; x_wconf 78' lang='lat' dir='ltr'><em>prouuucistit</em></span> <span class='ocrx_word' id='word_1_846' title='bbox 1421 5597 1530 5650; x_wconf 85' lang='lat' dir='ltr'><em>Deutcr.</em></span> <span class='ocrx_word' id='word_1_847' title='bbox 1553 5599 1576 5650; x_wconf 90' lang='lat'><em>1.</em></span> <span class='ocrx_word' id='word_1_848' title='bbox 1597 5613 1665 5648; x_wconf 82' lang='lat' dir='ltr'><em>vert.</em></span> <span class='ocrx_word' id='word_1_849' title='bbox 1691 5599 1732 5650; x_wconf 91' lang='grc'><em>17.</em></span> <span class='ocrx_word' id='word_1_850' title='bbox 1754 5600 1778 5650; x_wconf 75' lang='grc'><em>6,</em></span> <span class='ocrx_word' id='word_1_851' title='bbox 1795 5604 1847 5654; x_wconf 83' lang='grc' dir='ltr'><strong>Ρι-</strong></span> 
     </span>
    </p>
   </div>
   <div class='ocr_carea' id='block_1_3' title="bbox 0 0 2192 6213">
    <p class='ocr_par' dir='ltr' id='par_1_3' title="bbox 0 0 2192 6213">
     <span class='ocr_line' id='line_1_66' title="bbox 0 0 2192 6213; baseline 0 0"><span class='ocrx_word' id='word_1_852' title='bbox 0 0 2192 6213; x_wconf 95' lang='lat' dir='ltr'><em> </em></span> 
     </span>
    </p>
   </div>
  </div>
 </body>
</html>
