4456 6208
896 351 1230 431 nlsnttnnnto
1264 351 1486 433 OCTAVA

524 574 1885 694 fflssdffimldldddffiffiddl

885 847 926 890 aa
949 849 1028 892 nisu
1054 827 1106 894 ati.
1130 847 1241 892 nturn
1263 849 1293 894 ι.
1318 850 1512 902 uncnxxxrv.

1005 1051 1392 1102 ultronnnnrn

607 1221 1065 1292 nnnnntonn
1120 1225 1501 1300 nntnntco
1553 1221 1773 1308 ntur,

838 1432 921 1489 NOB.
938 1435 983 1490 EX
1004 1433 1227 1496 ARCHIEPlSC.
1245 1437 1486 1494 MAGDEBURG.
1507 1434 1582 1496 Slll.

981 1691 1432 1734 “mum—-

847 1923 1561 1998 nnn0n1narnsu

952 2123 1435 2216 suannoouruu.

362 2299 483 2433 Cum
509 2354 549 2426 in
573 2353 753 2455 principio
780 2373 903 2425 rerum
929 2348 976 2425 ob
997 2350 1175 2423 desectum
1203 2352 1413 2426 mortalium
1438 2351 1531 2426 nihil
1558 2375 1631 2424 non
1649 2373 1854 2444 commune,
1873 2365 1913 2425 et
1931 2371 2037 2432 aucto

297 2538 300 2544 Δ
360 2454 600 2548 postmodum
629 2452 791 2526 humano
816 2475 945 2548 genere
970 2453 1169 2551 proprietas
1193 2457 1268 2554 ejus
1293 2451 1497 2552 occupanda
1528 2463 1666 2549 pateret
1691 2449 1859 2546 singulis3
1898 2452 2034 2531 sactum

363 2561 405 2621 ut
433 2553 532 2627 haud
558 2551 760 2626 sufficiente
785 2553 902 2652 patria
929 2551 1066 2626 ditione
1093 2551 1261 2625 omnibus
1276 2607 1287 2643 ,
1313 2552 1376 2626 alii
1402 2551 1490 2625 alias
1517 2553 1700 2649 inquirere
1725 2551 1845 2641 sedes,
1870 2577 1915 2625 ac
1933 2557 2037 2630 inha-

362 2645 480 2725 bitare
506 2678 565 2725 eas
589 2655 787 2752 coeperint.
815 2653 977 2745 Quarum
1001 2651 1200 2728 defensioni
1229 2677 1315 2726 cum
1341 2667 1584 2724 succrescente
1611 2649 1724 2724 indies
1750 2674 1834 2720 cum
1865 2651 2038 2728 multitu-

362 2745 450 2824 dine
476 2751 688 2826 mortalium
714 2751 909 2824 domestica
935 2753 1156 2828 dissensione
1181 2767 1377 2850 mutuaque
1401 2753 1531 2824 io'uria
1554 2805 1563 2840 ,
1589 2748 1744 2849 quilibet
1773 2747 1869 2822 haud
1898 2751 2037 2826 sulfice-

362 2863 419 2923 ret
431 2904 443 2942 ‚
469 2854 576 2925 unius
600 2856 776 2952 cujusque
797 2851 960 2923 ⁴familiae
986 2855 1163 2944 seniores,
1187 2855 1221 2922 si
1242 2855 1414 2950 politicis
1432 2777 1602 2926 debenda
1618 2850 1727 2952 fides,
1747 2849 1856 2922 tacito
1874 2853 2035 2949 quodam

359 2964 583 3025 caeterorum
609 2967 842 3050 cognatorum
866 2951 1094 3026 reverentiali
1120 2975 1295 3024 consensu
1321 2955 1561 3050 patrocinium
1579 2951 1646 3022 sibi
1667 2974 1886 3046 arrogavere.
1916 2951 2036 3026 Donec

358 3050 512 3125 tandem
540 3049 708 3124 nonnulli
734 3064 796 3122 ant
823 3053 1016 3147 tyrannica
1044 3055 1079 3126 vi
1105 3062 1169 3123 aut
1195 3052 1368 3124 electione
1395 3049 1608 3152 populorum
1639 3049 1799 3146 legitima
1820 3050 1963 3146 imperii
1984 3053 2035 3125 sa·

362 3174 436 3222 sees
463 3153 608 3250 penitus
633 3153 858 3250 acceperint,
883 3152 944 3248 qui
971 3151 1131 3224 adunitis
1156 3153 1228 3222 suis
1259 3149 1398 3224 viribus
1429 3151 1473 3224 ad
1507 3149 1643 3222 subitos
1682 3151 1757 3220 vim
1793 3147 2032 3226 inferentium

361 3248 520 3324 insultus
546 3253 657 3324 armis
682 3247 917 3324 excubabant.
944 3251 1011 3323 Ast
1036 3275 1121 3324 cum
1147 3273 1214 3321 nec
1241 3251 1306 3323 hae
1331 3251 1424 3323 solae
1448 3263 1609 3322 armatae
1645 3249 1736 3320 vires
1761 3247 1861 3320 civili
1886 3247 1943 3321 liti
1976 3253 2030 3325 di·

363 3353 552 3424 rimendae
579 3375 681 3450 pares
714 3363 854 3437 essent,
879 3374 960 3422 ere
988 3349 1254 3450 imperantibus
1274 3353 1399 3424 nisum
1425 3347 1508 3437 fuit,
1535 3352 1812 3450 imperatoriam
1830 3373 1932 3422 suam
1954 3376 2032 3428 ma-

358 3457 546 3552 jestatem,
571 3476 644 3524 non
670 3448 787 3522 sulum
814 3454 925 3521 armis
950 3449 1175 3544 decoratam,
1196 3451 1257 3522 sed
1284 3463 1321 3522 et
1347 3448 1484 3548 legibus
1509 3451 1726 3550 populorum
1754 3472 1902 3521 suorum
1930 3451 2029 3548 inge-

358 3553 433 3622 niis
458 3565 679 3650 naturaeque
705 3551 864 3648 ipsorum
890 3553 1137 3623 consentaneis
1162 3563 1342 3624 armatam
1373 3573 1531 3638 servare,
1568 3575 1640 3648 quo
1675 3559 1830 3647 utroque
1869 3559 2031 3650 tempore

361 3663 398 3721 et
424 3647 605 3723 bellorum
633 3651 800 3748 pacisque
827 3662 920 3721 recte
946 3649 1161 3746 gubernato,
1188 3664 1362 3724 nontam
1391 3648 1607 3750 praeliorum
1635 3649 1802 3735 victuris,
1828 3672 1940 3747 quam
1967 3677 2032 3750 per

357 3749 540 3846 legitimos
568 3753 732 3821 tramites
758 3749 915 3848 expulsis
943 3749 1250 3824 calumniantium
1275 3747 1530 3848 iniquitatibus
1556 3746 1850 3820 inclarescerent.
1876 3751 1972 3826 inst.
1989 3759 2031 3824 in

354 3873 512 3950 prooem.
539 3849 677 3922 Verum
705 3850 805 3922 euim
833 3873 916 3922 vero
941 3873 1028 3922 cum
1053 3863 1089 3921 et
1115 3851 1183 3923 liae
1209 3865 1287 3922 tarn
1313 3873 1433 3922 sacrae
1474 3851 1748 3922 constitutiones
1788 3873 1920 3946 parum
1968 3851 2030 3924 ob-

356 3963 519 4023 servatae
543 3949 778 4039 vilescerent,
805 3973 871 4022 nec
898 3973 967 4020 uua
993 3949 1190 4024 dumtaxat
1214 3973 1363 4048 persona
1389 3949 1485 4022 hisce
1504 3946 1675 4022 omnihus
1694 3943 1936 4046 producendis
1957 3953 2031 4026 suf·

355 4051 500 4139 ficiens,
525 4050 738 4148 prodierunt
763 4049 848 4123 iude
900 4073 939 4121 ro
964 4048 1172 4122 diversitate
1198 4049 1357 4122 locorum
1383 4071 1578 4146 rerumque
1602 4047 1742 4122 diversa
1770 4048 1919 4147 judicia,
1952 4055 2032 4149 qui·

356 4149 423 4222 hus
449 4152 577 4248 cuique
603 4153 791 4251 jussuum
822 4073 1063 4240 alluebatur,
1088 4171 1197 4222 nemo
1223 4147 1320 4222 laedi
1354 4149 1572 4248 honestaque
1602 4149 1677 4220 sita
1707 4143 1910 4247 jubebatur.
1938 4151 1974 4240 S.
1994 4154 2029 4226 3.

361 4275 391 4321 r:
425 4249 462 4321 d.
494 4275 524 4320 r.
552 4265 589 4321 et
622 4273 652 4323 r.
680 4249 775 4322 llinc
802 4248 913 4350 judici
938 4249 1023 4322 linia
1048 4250 1228 4322 ordinaria
1254 4247 1455 4349 jurisdictio
1482 4250 1521 4320 in
1548 4245 1747 4337 omnibus,
1783 4247 1839 4319 illi
1873 4249 1911 4323 in
1951 4253 2031 4350 qui·

354 4349 510 4422 busdam
536 4349 700 4447 delegata
729 4361 873 4422 tantum
900 4352 1087 4448 competit.
1115 4350 1211 4423 Hinc
1237 4347 1463 4421 ordinarium
1489 4345 1647 4445 judicem
1673 4361 1873 4443 agnoscunt
1899 4352 2027 4424 crimi-

357 4449 455 4522 nalia
483 4449 605 4538 illum,
627 4451 724 4520 hunc
750 4447 885 4538 civilia,
909 4474 1001 4548 quae
1027 4449 1118 4522 dum
1146 4453 1278 4522 iterum
1306 4449 1428 4539 varia,
1449 4449 1606 4547 judicem
1628 4472 1697 4548 quo
1726 4473 1768 4520 ue
1787 4449 1942 4522 variant.
1961 4453 2026 4522 At·

359 4573 429 4647 que
455 4552 504 4620 ita
531 4547 878 4621 diversisclassibus
905 4549 1062 4621 inclusae
1089 4551 1212 4648 leges,
1236 4551 1376 4621 diversa
1403 4561 1444 4621 ut
1482 4547 1624 4620 dictum
1660 4475 1856 4620 trilunalia
1896 4555 2031 4623 consti-

361 4659 484 4736 tuunt,
515 4649 631 4738 adeo,
657 4658 696 4718 ut
723 4647 1002 4745 diligentissime
1027 4649 1113 4721 haec
1138 4649 1372 4748 perstrictum
1398 4648 1581 4744 negotium
1609 4646 1704 4720 haud
1730 4651 1901 4745 exiguum
1920 4651 2029 4723 faces-

366 4771 441 4818 sere
467 4760 612 4848 queant.
641 4749 762 4843 Quare
787 4761 930 4820 tautum
957 4745 1047 4821 mihi
1074 4773 1147 4820 non
1171 4762 1380 4846 sumpturus
1406 4748 1535 4821 talium
1563 4750 1659 4846 jussu
1685 4748 1785 4848 quod
1810 4747 1942 4821 violare
1966 4774 2028 4821 ne-

361 4849 426 4938 fas,
453 4847 626 4948 judicium
655 4847 763 4922 modo
789 4847 929 4924 laudale
955 4851 1218 4949 perstringam,
1243 4863 1280 4924 at
1306 4851 1447 4924 utinam
1470 4860 1544 4919 tam
1572 4851 1721 4950 perenni
1747 4847 1831 4921 stilo
1856 4877 1928 4951 qno
1971 4877 2028 4924 oc·

363 4951 474 5022 currit
500 4947 683 5051 quotidie!
