4374 6216
392 301 446 358 tls

340 400 384 455 nis
403 399 481 458 tradit
500 400 602 458 literius
619 403 893 472 ρ.6.1οοὶι.22θ.η.
909 411 932 462 1.
939 409 1003 479 fare
1026 409 1055 464 in
1063 407 1114 480 lin.
1133 421 1157 465 et

338 488 489 554 regulariter
506 487 681 558 privilegiatus
694 501 781 543 eontra
796 490 986 559 privilegiatum
1012 493 1060 544 boc
1079 495 1157 566 priri-

338 572 407 642 legiu
433 589 485 625 non
507 573 558 625 otit
578 591 598 626 r.
625 573 795 642 Trentacinq.
821 575 847 626 d.
865 577 883 626 1.
902 593 929 628 n.
950 578 993 628 18.
1012 577 1058 630 aed
1080 583 1157 635 ambo

285 654 320 708 30
337 657 394 723 jure
412 592 603 712 comnssotint
624 656 726 710 debent.
758 657 867 710 Dictum
899 658 953 712 fuit
980 663 1157 730 regulariter:

336 755 397 790 nans
415 754 448 788 ex
467 755 540 792 causa
560 737 665 800 riduae,
685 749 712 791 et
741 740 906 793 miserabiles
937 758 1063 812 personae
1090 746 1154 800 aliae

337 831 428 878 contra
448 821 545 874 similis
564 821 724 874 conditionis
742 841 868 892 personas
881 828 1042 896 agentes,ad
1059 829 1085 882 id
1100 831 1154 900 pri·

338 903 461 974 vilegium
475 906 612 976 adspirare
624 914 742 974 possunt.
754 925 812 974 urg.
824 908 842 958 l.
858 911 903 961 11.
915 907 939 980 5.
959 911 984 962 il.
996 909 1037 980 ff.
1049 911 1075 966 d.
1099 917 1150 966 mi·

337 988 423 1041 nos'ib.
435 988 453 1041 l.
465 985 556 1058 oluff.
569 1009 604 1043 en
616 991 687 1059 quil.
702 1007 775 1045 eures.
790 992 887 1064 masur.
914 1005 942 1046 et
967 994 1030 1048 inde
1053 996 1152 1052 dolon.

337 1071 430 1126 Faber.
448 1073 577 1129 s'ncodice
590 1090 639 1126 ruo
665 1075 689 1127 la.
715 1083 733 1127 t.
753 1073 845 1127 visloee
864 1088 951 1130 contra
970 1081 1100 1148 pupillum
1119 1085 1153 1136 ad

893 303 1083 367 1118211111·-
1101 314 1135 368 ll.
1154 301 1271 369 CAPUT
1290 307 1366 371 vtst.

1914 319 1969 374 113

1210 411 1328 466 Ileiclsen
1347 413 1514 479 verordnet,
1530 403 1627 470 volunt.
1639 409 1767 488 liuspiam
1786 425 1875 472 aulem
1894 419 2025 473 traditum

1211 497 1372 564 reperimus,
1394 501 1477 567 magis
1497 501 1604 569 pauperi
1624 502 1768 569 justitiam,
1786 519 1863 573 quam
1883 501 2023 556 divitiad·

1210 579 1422 636 mlnistraodam.
1445 584 1594 637 salubriter
1619 585 1783 639 econtrario
1801 587 1829 640 in
1849 586 2023 641 ordinatione
2041 583 2081 636 12

1205 679 1331 718 camerae
1342 683 1369 734 p.
1384 668 1407 719 1.
1422 665 1462 718 tit.
1476 666 1521 718 11.
1532 673 1554 730 ς.
1566 667 1591 720 2.
1604 677 1730 721 statutum
1743 679 1784 722 est
1797 707 1804 734 ,
1824 667 1950 739 pauperes
1962 669 2023 722 lite·

1186 739 1188 754 '
1207 744 1244 796 ris
1264 749 1425 816 supplicibus
1444 749 1539 804 debesa
1557 751 1672 804 rationes
1690 769 1780 806 causae
1799 771 1859 808 suae
1884 756 2020 816 inserere,

1205 838 1231 881 et
1249 847 1365 884 camerae
1376 831 1517 898 esbilsere,
1529 835 1552 887 si
1563 835 1664 902 iustitie
1676 853 1724 908 per
1738 837 1796 890 illas
1808 855 1861 890 non
1874 847 2021 906 appareret.

1206 927 1354 981 processum
1367 915 1437 984 ipsis
1453 916 1649 986 denegendnma
1662 930 1689 972 et
1702 921 1725 973 si
1740 921 1863 973 mentitus
1877 919 1945 972 forte
1958 919 2023 972 fuie·

1206 1007 1245 1048 set
1265 1013 1383 1055 cansam.
1402 1018 1432 1053 aa
1449 1001 1617 1068 impetrasset
1635 1019 1803 1072 processum,
1823 1003 1910 1072 sicque
1928 1017 2024 1056 vexas·

1204 1087 1245 1131 set
1261 1080 1455 1146 adversarium,
1474 1099 1534 1136 cuns
1553 1085 1690 1150 scivisset,
1708 1085 1859 1155 sumptibus
1871 1103 1899 1138 se
1912 1087 1946 1136 ob
1961 1105 2024 1156 pau·

337 1156 518 1226 repetitionem
538 1155 605 1210 dotis
623 1159 710 1225 agenti
728 1175 759 1210 ea
778 1159 804 1212 d.
818 1161 835 1213 l.
847 1162 1071 1231 uss.Privileginm
1091 1180 1151 1218 con·
1203 1171 1332 1232 pertatem
1353 1165 1525 1219 refundendis
1545 1185 1634 1236 parem
1655 1185 1706 1223 nun
1726 1170 1958 1240 esse‚neutiqnam
1972 1172 2025 1241 ipsi

338 1238 422 1303 cedite
440 1238 544 1292 addesis
562 1239 757 1295 Cbristlaaenm
777 1244 827 1296 vol.
841 1244 866 1294 2.
892 1243 969 1298 decis.
995 1247 1058 1304 111.
1075 1268 1103 1302 n.
1124 1253 1153 1304 7.
1202 1247 1294 1300 cedere
1314 1249 1441 1318 impune,
1460 1251 1506 1304 aed
1526 1266 1647 1314 earcere,
1665 1259 1691 1302 et
1709 1271 1759 1320 pro
1777 1268 1806 1306 re
1829 1263 1888 1305 nata
1906 1255 2023 1322 corporis

284 1327 320 1382 31
341 1323 480 1378 studiosus
497 1341 601 1393 quoque
619 1325 826 1389 miserabilium,
845 1339 872 1380 et
890 1329 938 1380 boc
965 1326 1023 1399 ipso
1052 1333 1153 1404 saepius

337 1409 363 1460 cl.
381 1408 399 1460 i.
410 1427 458 1462 un.
471 1409 614 1478 privilegio
624 1408 677 1460 frui
692 1426 769 1480 snpra
782 1409 948 1476 adduximus,
962 1412 1006 1464 sed
1020 1434 1080 1468 cum
1095 1435 1151 1470 mo.

336 1492 472 1548 desamine
491 1492 517 1542 id
537 1491 734 1560 intelligendum
754 1503 892 1562 potamus,
912 1495 970 1547 scil.
989 1509 1059 1561 tnnc,
1071 1519 1152 1570 qoun-

335 1663 392 1715 rius
410 1657 708 1725 mnsacunveniantnr',
739 1671 784 1713 aut
813 1660 904 1712 eodem
937 1661 1037 1714 intuitu
1058 1681 1150 1720 conre-

337 1744 417 1798 ninnt
435 1745 518 1810 alios,
537 1746 607 1813 qnod
628 1753 705 1807 tono,
724 1747 746 1797 ai
765 1761 781 1796 e
799 1759 826 1796 re
845 1745 872 1796 id
892 1762 948 1798 esse
966 1747 1103 1816 videatur,
1122 1751 1155 1805 ad

336 1845 469 1881 summum
490 1828 638 1899 principem
658 1841 812 1898 provocare,
829 1830 870 1883 vel
890 1846 936 1898 pro
954 1845 983 1882 re
1001 1841 1089 1884 natas
1111 1849 1152 1886 re·

335 1929 404 1972 ctore
419 1910 556 1984 magnifico
569 1913 660 1965 statim
675 1913 706 1966 ad
722 1913 870 1982 principem
884 1915 1017 1982 appellare
1034 1916 1154 1985 possint,

338 2021 383 2060 eos
402 2004 473 2056 enim
493 2001 593 2066 iudices
610 1997 850 2066 penitentialis
863 2015 886 2050 c.
900 1998 1017 2068 nefils'as
1032 2017 1082 2071 pro
1102 2020 1153 2071 pu·

335 2103 388 2152 tte,
402 2099 429 2141 et
442 2084 521 2140 bodie
533 2085 616 2139 adbuc
628 2084 730 2138 habent.
754 2085 851 2140 Mettis.
876 2085 998 2155 Stephon.
1017 2087 1042 2140 d.
1052 2087 1154 2161 juried.

336 2171 385 2226 til.
394 2171 420 2224 3.
432 2191 461 2240 p.
473 2173 499 2222 2.
512 2187 535 2222 ο.
549 2171 593 2222 12.
604 2187 631 2221 n.
642 2171 686 2220 ild.
700 2179 725 2223 et
734 2185 787 2238 sep.
801 2179 828 2220 et
840 2171 908 2223 lllev.
919 2189 948 2241 p.
959 2171 986 2222 il.
999 2171 1079 2224 decis.
1093 2172 1154 2228 220.

287 2264 322 2316 ³2
340 2275 367 2310 n.
393 2258 436 2308 10.
461 2255 517 2309 Nec
536 2252 685 2307 differentia
705 2267 744 2306 ess
764 2255 866 2306 satione
891 2254 987 2324 privati
1005 2254 1155 2323 interesse,

338 2341 552 2396 conueniantuel
571 2339 760 2392 conveniantur
790 2337 859 2406 ipsi,
891 2339 969 2393 nsoslo
1000 2339 1111 2394 studiosi
1132 2342 1154 2394 si

336 2443 397 2478 cnm
417 2423 566 2495 professore
584 2440 631 2492 pro
649 2440 677 2474 re
696 2433 755 2474 nata
772 2425 810 2476 iel
830 2439 861 2476 es
880 2439 954 2476 eausa
967 2423 1040 2476 licite
1055 2434 1156 2492 agatur,

337 2510 445 2563 debitus
470 2526 531 2562 cnm
544 2505 689 2560 reverentia
703 2524 730 2558 se
743 2517 844 2574 gerant,
859 2509 899 2561 vel
911 2507 1054 2577 suscipiant
1067 2508 1153 2574 litems

340 2595 502 2666 professores
520 2593 618 2663 quippe
637 2608 670 2642 es
688 2593 793 2644 statutis
823 2602 851 2645 et
869 2593 974 2662 legibus
1002 2593 1153 2664 principum

339 2691 477 2750 parentum
497 2679 565 2748 ipsis
582 2679 638 2730 loco
657 2686 733 2740 sunt,
755 2692 814 2744 erga
832 2691 900 2744 quoe
918 2675 1044 2730 modestis
1058 2693 1089 2731 eo
1102 2695 1155 2730 ma·

339 2767 381 2837 gis
399 2785 442 2820 eos
460 2766 546 2828 decet,
563 2781 615 2832 qno
635 2779 697 2831 prae
716 2759 826 2812 caeteris
846 2758 1048 2813 humanioribus
1073 2763 1158 2816 literis

338 2849 435 2904 imbuti
453 2861 528 2908 aunt.
547 2863 612 2916 quae
631 2846 663 2896 ad
682 2845 842 2898 honestatem
862 2843 977 2910 ducunt,
997 2861 1047 2896 neo
1065 2845 1157 2897 sinunt

247 2975 255 2996 .
287 2923 322 2976 33
340 2951 397 2988 ease
415 2933 485 2986 feros
501 2933 571 2984 Mev.
588 2950 614 3000 p.
626 2930 651 2982 1.
670 2927 748 2982 decis.
775 2927 835 2980 222.
856 2931 971 2992 Verum,
998 2929 1021 2978 si
1041 2927 1155 2980 studiosi

339 3016 371 3068 ad
388 3015 615 3078 emendationem,
635 3015 675 3067 rel
688 3012 722 3065 ub
735 3028 865 3064 excessum
878 3009 906 3062 in
921 3028 1031 3080 poenam
1042 3011 1156 3080 eliquans

341 3116 374 3151 ex
393 3098 496 3153 statutis
513 3095 670 3149 academicis
689 3094 807 3146 debitum
827 3094 1003 3158 damnentur,
1021 3094 1043 3146 si
1060 3111 1154 3163 provo·

341 3181 436 3234 cationi
455 3179 580 3234 facillime
598 3179 793 3248 indulgeretur,
820 3176 1023 3248 intempestivae
1055 3177 1155 3231 miseri·

289 3280 325 3335 ps
343 3266 448 3320 cordine
465 3265 555 3319 deberi
575 3263 720 3319 videretur.
740 3263 902 3316 Auctoritate
919 3263 991 3316 enim
1009 3262 1113 3316 decenti
1131 3273 1157 3315 et

345 3350 431 3417 rigore
448 3348 608 3418 disciplinae
626 3347 753 3418 prudenti
772 3363 803 3400 eo
830 3348 914 3418 magis
932 3363 999 3418 opus
1018 3353 1059 3400 est
1078 3347 1157 3415 magi·

338 3433 433 3486 stratui
451 3431 612 3498 academicos
629 3451 681 3505 quo
699 3431 875 3486 adolescentes
889 3443 915 3485 et
933 3433 1041 3500 juvenes
1064 3431 1092 3484 in
1112 3432 1145 3485 de

287 3522 323 3575 311
340 3519 379 3572 via
399 3518 535 3587 pmniores
553 3534 610 3570 esse
634 3519 732 3584 uolente
750 3528 827 3587 atque
853 3515 948 3569 Mettb.
980 3515 1104 3586 Stephon·
1122 3519 1156 3574 cle

334 3599 470 3670 jurisda'ct.
484 3601 528 3654 lib.
554 3602 580 3652 3.
603 3619 634 3669 p.
647 3602 675 3654 2.
695 3621 716 3655 ο.
735 3599 976 3668 sandaresus,
994 3601 1124 3656 studiosos
1140 3624 1153 3657 a

341 3699 423 3750 poena
439 3684 531 3736 statuti
544 3683 719 3738 universitatis
733 3685 772 3738 sel
784 3685 945 3738 correctione
956 3690 1089 3755 appellere
1101 3709 1153 3744 noo

290 3766 325 3820 36
343 3786 426 3839 posse.
446 3769 475 3822 Si
494 3787 555 3823 vero
572 3779 655 3832 esset,
673 3769 740 3836 quod
761 3767 893 3822 studiosus
907 3769 973 3833 iuste
991 3769 1023 3824 de
1038 3777 1153 3838 saevitia,

342 3855 381 3907 vel
398 3851 471 3904 onsui
489 3849 641 3905 defensioue
659 3851 782 3918 denegata
800 3851 867 3920 apud
881 3851 1027 3922 principem
1047 3871 1155 3925 conque·

341 3949 426 4001 rator,
444 3935 531 4000 absit,
550 3937 615 4005 quin
633 3953 713 3988 omne
732 3935 875 3988 remedium
895 3936 963 4004 ipsis
982 3937 1154 4007 denegemus;

344 4021 521 4093 qnibusenim
538 4022 594 4085 jora
611 4019 644 4072 de
663 4021 806 4088 majoribus
826 4019 953 4088 singulari
971 4035 1030 4073 cora
1050 4040 1154 4092 prospe

343 4115 440 4161 serunt
458 4105 624 4174 privilegiis,
642 4123 693 4158 nou
713 4103 865 4156 conueniret
884 4103 958 4168 ideo,
976 4106 1046 4172 qnod
1060 4107 1158 4159 studiis

342 4205 449 4258 operam
468 4189 570 4256 darent,
585 4188 726 4243 deterioris
745 4187 905 4241 conditionis
918 4186 1025 4239 reddere
1040 4189 1161 4259 plebeiis,

341 4273 439 4343 quibus
451 4271 567 4328 remedia
581 4272 762 4325 taliaconceesa
779 4282 874 4340 patent.
886 4271 988 4324 Mevius
1000 4289 1026 4340 p.
1039 4273 1064 4322 n.
1077 4276 1156 4330 dacia.

343 4359 406 4410 2111.
425 4377 453 4409 n.
473 4359 496 4408 1.
518 4357 612 4408 Procul
631 4355 704 4408 enim
723 4353 803 4406 dubio
813 4355 949 4424 principes
961 4357 996 4408 ob
1009 4359 1157 4411 studiorum

341 4439 457 4492 favorem
476 4447 503 4492 et
521 4438 704 4510 praestantiam
713 4473 722 4500 ,
742 4439 811 4488 serio
828 4454 905 4490 curae
925 4439 1030 4506 babent,
1045 4461 1079 4496 ne
1092 4444 1158 4510 issin-

345 4527 445 4576 siarnm
463 4525 566 4575 occasio
586 4523 641 4586 sit,
659 4522 729 4572 unde
747 4521 787 4586 jus
807 4521 878 4570 nasci
897 4521 1036 4576 debuisset.
1055 4527 1073 4575 l.
1092 4527 1116 4576 11
1135 4541 1157 4578 e.

345 4608 464 4662 undeni.
484 4607 543 4659 add.
562 4607 630 4658 Mes.
646 4601 673 4654 d.
684 4621 710 4669 p.
724 4602 750 4653 1.
778 4603 858 4654 decis.
889 4605 980 4656 Wiam.
1001 4605 1063 4656 275.
1086 4625 1113 4661 n.
1135 4607 1159 4659 1.

291 4728 326 4780 ³3
344 4693 480 4744 Caeterum
498 4707 564 4758 qnae
582 4691 719 4741 occasione
737 4687 753 4738 l.
767 4705 811 4740 nn.
825 4687 934 4755 parando
954 4688 1102 4754 imperator
1118 4709 1157 4746 ee.

345 4773 494 4826 dictasunt
514 4775 654 4834 hactenus,
673 4771 705 4822 ad
725 4787 873 4838 processum
893 4773 1043 4839 pertinent,
1062 4791 1094 4827 ns
1113 4793 1159 4844 per

290 4075 325 4128 37

345 4857 434 4927 plures
454 4855 594 4908 instantias
612 4855 645 4907 ab
663 4854 819 4906 asirersariis
837 4865 981 4920 vexentur,
1000 4867 1026 4908 et
1045 4857 1159 4911 inferiu-

292 4955 327 5007 39
345 4957 403 4992 suan
419 4937 535 5008 judicum
555 4935 695 4990 ambitioso
712 4937 822 4990 arbitrio
839 4939 892 4990 aiot
908 4939 1032 5006 expositi.
1053 4941 1104 4992 Sed
1119 4942 1158 4995 iu·

324 5027 379 5097 '’de
396 5023 495 5077 inferre
513 5038 565 5075 non
584 5022 662 5085 licet,
676 5019 734 5073 ideo
749 5021 851 5083 uiduis,
866 5031 911 5073 aut
925 5023 1040 5090 pupillis,
1057 5026 1096 5076 vel
1112 5028 1160 5078 mi·

346 5108 503 5164 aerabllibus
521 5107 640 5177 personis
659 5105 720 5156 aliis
739 5103 940 5170 adiudicandum
955 5123 1019 5167 ease,
1034 5109 1095 5176 quia
1110 5111 1158 5162 mi-

344 5192 491 5255 secabiles,
508 5187 577 5260 qood
597 5189 763 5242 ailrersarios
780 5207 831 5241 noo
851 5188 974 5255 deberet,
989 5191 1028 5244 vel
1040 5193 1102 5246 illae
1118 5211 1160 5262 po-

347 5287 388 5328 tus
402 5277 527 5329 deberent
540 5276 608 5328 lsuic·
620 5275 651 5327 ld
660 5275 732 5327 enim
746 5278 773 5325 in
789 5292 892 5327 stimmo
904 5295 985 5345 aeque
996 5293 1025 5329 ac
1037 5277 1159 5332 inferiori

292 5337 329 5388 ⁴⁰
347 5361 435 5430 judice
448 5361 657 5430 intempestivam
674 5359 883 5412 misericordam
898 5363 1008 5429 saperes.
1026 5365 1160 5416 iustitiam

293 5410 326 5464 Η
347 5447 457 5516 pauperi
476 5461 556 5513 aeque
575 5459 605 5494 ac
622 5441 699 5496 disiti
722 5443 928 5511 impertiendam
955 5443 1162 5508 capitulationes

348 5538 552 5582 cnerureoeurt.
563 5531 587 5580 1.
601 5531 674 5582 verb.
689 5525 739 5579 den
755 5535 858 5582 Armen
870 5547 899 5581 so
913 5529 973 5588 wol.
984 5528 1084 5581 uirden
1098 5532 1161 5584 llei-

347 5613 422 5678 clsen,
435 5623 461 5666 et
473 5627 564 5667 recess.
579 5613 610 5666 de
622 5632 696 5668 nnnc
710 5615 787 5666 1300.
802 5623 823 5674 §-
839 5616 902 5668 Used
915 5613 1048 5667 nuclsdesn
1059 5617 1158 5668 weltes.

345 5701 414 5757 verb.
435 5698 488 5756 Die
496 5699 617 5774 peucine
629 5703 727 5757 lieclate
740 5701 791 5755 sien
805 5703 911 5757 Armen
923 5702 1015 5770 sonat,
1039 5703 1083 5756 uls
1108 5705 1160 5759 den

1204 1347 1269 1400 pene
1287 1331 1412 1387 afflictiva
1430 1331 1604 1388 afficiendum
1624 1334 1692 1388 esse-¹
1707 1335 1766 1388 ord.
1783 1351 1851 1388 cnm.
1864 1335 1887 1387 d.
1901 1353 1930 1406 p.
1945 1337 1970 1388 1.
1982 1337 2024 1389 sis.

1204 1413 1249 1467 11.
1268 1421 1289 1479 ς.
1304 1415 1331 1467 3.
1345 1415 1430 1470 Blum.
1440 1417 1479 1470 od
1491 1434 1607 1482 process.
1621 1433 1689 1469 curn.
1703 1416 1745 1470 tit.
1763 1417 1807 1469 11.
1821 1435 1846 1470 n.
1866 1417 1909 1470 23.
1930 1417 2023 1489 infin.

1206 1499 1251 1552 Sic
1271 1499 1337 1552 hand
1369 1501 1497 1569 maiorem
1515 1497 1598 1552 fidem
1624 1499 1733 1570 pauperi
1759 1501 1874 1566 inclinem
1905 1499 2022 1564 habere,
2041 1479 2079 1532 ⁴⁸

1206 1666 1327 1720 dedoctis
1345 1667 1431 1720 causis
1449 1667 1590 1736 diligenter
1608 1685 1698 1721 omnes
1708 1667 1920 1723 circumstantias
1932 1670 1965 1722 ad
1980 1687 2020 1727 ve

1206 1751 1311 1802 ritatem
1331 1750 1540 1819 investigandam
1560 1751 1741 1806 rimari'decet
1757 1751 1775 1802 l.
1791 1754 1815 1804 1.
1835 1753 1859 1818 5.
1882 1754 1923 1806 1⁰.
1932 1751 1975 1821 ff
1994 1752 2022 1806 d.

1205 1836 1347 1887 entraord.
1360 1834 1461 1904 cognit.
1474 1835 1493 1885 l.
1507 1829 1576 1900 {iffi
1591 1834 1623 1887 de
1633 1834 1817 1906 proxenets’cis
1836 1835 1914 1906 lfiu.
1930 1839 1951 1903 5.
1961 1835 2023 1908 fin.

1205 1914 1239 1982 ff.
1250 1919 1275 1970 tl.
1289 1915 1397 1986 obligat.
1412 1928 1436 1970 et
1448 1917 1580 1973 actionid.
1594 1918 1674 1971 Seens
1693 1917 1791 1971 faciens
1804 1919 1861 1970 Deo
1874 1936 1926 1973 uun
1940 1922 2024 1973 solnm

1206 2001 1401 2053 taneturdevit.
1415 2002 1459 2053 19.
1471 2017 1542 2054 vers.
1556 2002 1598 2053 11.
1612 2002 1682 2054 verb.
1695 2003 1737 2057 Ne
1749 2000 1862 2070 accipito
1875 2013 2024 2072 personum

1205 2083 1303 2136 tenuis.
1317 2083 1369 2138 set
1387 2083 1410 2136 ai
1428 2085 1548 2156 superior
1564 2085 1646 2154 judex
1658 2104 1671 2138 a
1685 2086 1808 2156 principe
1820 2087 1974 2140 constitutus
1987 2106 2025 2140 es·
2044 2125 2082 2176 u

1204 2177 1258 2229 aet,
1272 2183 1352 2236 aeque
1365 2176 1498 2223 teneretur
1517 2169 1602 2239 parti,
1627 2180 1752 2240 qnantum
1777 2170 1893 2240 principi
1913 2188 2024 2240 aequum

1207 2248 1346 2305 rideretur.
1361 2269 1418 2321 urg.
1439 2253 1458 2305 1.
1482 2252 1531 2308 salt.
1546 2251 1587 2322 ff.
1612 2254 1637 2306 d.
1651 2255 1789 2306 entraord.
1801 2253 1975 2323 cognitionii.
1993 2273 2024 2308 ao

1205 2332 1312 2404 iusuper
1325 2336 1457 2406 principis
1471 2337 1553 2402 isam,
1572 2346 1600 2390 et
1620 2337 1682 2390 inde
1701 2354 1809 2406 poenam
1835 2340 1986 2391 incurreret
2004 2339 2024 2391 l.

1206 2418 1232 2472 1.
1241 2437 1265 2472 e.
1276 2420 1304 2471 d.
1316 2417 1393 2491 offic.
1405 2422 1517 2478 rectoris
1524 2419 1690 2491 prouinciae
1701 2422 1778 2476 verb.
1791 2423 1853 2475 Non
1867 2420 2025 2491 {declinabit

1206 2501 1399 2574 indignationis
1411 2513 1520 2558 nostrae
1532 2505 1650 2559 uesaleos.
1668 2502 1728 2556 Non
1740 2504 1835 2558 dmunt
1846 2523 1949 2575 quoqne
1967 2524 2025 2576 par·
2047 2534 2084 2586 45

1207 2587 1228 2640 ti
1240 2588 1325 2643 laesae
1343 2590 1561 2660 perseutentiana
1574 2589 1602 2642 iu
1618 2605 1741 2658 supremo
1763 2601 1856 2644 senatu
1881 2593 2026 2657 remedia,

1207 2682 1236 2724 ot
1248 2673 1278 2724 in
1290 2691 1388 2728 manera
1402 2675 1533 2744 imperiali
1545 2669 1703 2728 beneficium
1728 2673 1870 2730 revisionis
1881 2712 1889 2741 ,
1910 2679 1984 2744 juxta
2004 2684 2027 2739 ς.

1210 2758 1269 2811 121.
1287 2769 1314 2814 et
1331 2775 1407 2830 καφ.
1426 2775 1517 2813 recma.
1537 2757 1564 2812 d.
1582 2777 1609 2812 a.
1629 2755 1707 2809 1111.
1726 2768 1753 2811 et
1778 2757 1806 2810 in
1824 2759 1909 2812 aulicu
1927 2759 2028 2826 judicio

1210 2858 1327 2898 mosacen
1346 2840 1504 2898 besseficium
1534 2842 1751 2913 supplicationis,
1772 2844 1844 2909 justa
1869 2841 1894 2913 5.
1913 2844 1954 2897 51.
1975 2855 2027 2898 are.

1213 2927 1246 2978 V.
1259 2928 1381 2980 instrum.
1394 2925 1473 2994 ponis
1485 2925 1628 2994 osnolrng.
1646 2923 1722 2993 Quod
1741 2926 1809 2978 nulli
1825 2927 1935 2979 omnino
1949 2927 2027 2994 juder
2047 2931 2085 2984 16

1210 3025 1328 3062 summus
1351 3009 1411 3062 ideo
1435 3007 1594 3078 denegabit,
1608 3007 1669 3078 quin
1683 3025 1731 3077 pro
1750 3025 1872 3080 paupere,
1892 3009 1970 3064 vidua
1989 3013 2028 3064 vel

1208 3095 1260 3147 alia
1280 3093 1426 3147 miserabili
1446 3110 1556 3164 persone
1575 3093 1774 3162 pronunciatum
1792 3103 1846 3147 est:
1861 3093 1940 3148 sicuti
1953 3094 2027 3147 enim

1209 3179 1236 3230 iss
1247 3177 1420 3234 inferioribus
1442 3177 1552 3247 judiciis
1575 3179 1716 3248 appellatio
1739 3175 1901 3230 defensionis
1919 3179 2024 3247 species

1207 3269 1258 3326 eat,
1271 3279 1336 3332 quae
1349 3261 1452 3315 nemini
1466 3259 1617 3329 deneganda
1634 3264 1650 3318 l.
1666 3265 1710 3317 11.
1733 3261 1791 3315 cod.
1812 3263 1903 3316 tlleod.
1921 3263 1947 3316 cl·
1977 3283 2025 3332 ap·

1204 3347 1266 3418 pell.
1288 3352 1325 3404 lta
1343 3349 1370 3400 ln
1388 3340 1569 3418 superioribus
1580 3347 1675 3400 revisio
1689 3357 1713 3400 et
1729 3345 1888 3415 snpplicatio
1902 3364 1953 3400 oon
1974 3351 2028 3400 nsi-

1208 3447 1256 3484 nus
1270 3430 1439 3501 privilegium
1458 3431 1555 3484 habeut
1571 3449 1619 3498 per
1630 3431 1654 3484 d.
1668 3423 1748 3493 1115.
1757 3439 1806 3483 art.
1831 3431 1862 3483 V.
1877 3431 1956 3484 inser.
1969 3449 2018 3500 po·

1208 3515 1254 3570 cis.
1267 3517 1340 3570 need.
1355 3518 1398 3570 lia
1413 3525 1502 3570 nutem
1517 3515 1594 3570 omni
1605 3516 1723 3571 remedio
1741 3515 1897 3584 suspensivo
1916 3515 2024 3588 litigas>

1207 3612 1256 3666 tea,
1273 3599 1418 3654 Inferiores
1430 3599 1530 3669 ludices
1544 3602 1567 3654 ai
1581 3601 1659 3657 alicui
1683 3595 1844 3654 beneficium
1871 3602 2024 3670 appellandi
2046 3588 2083 3640 ¹¹⁷

1207 3684 1411 3754 denegaverint,
1427 3699 1533 3753 gravem
1551 3683 1615 3736 satis
1634 3700 1744 3754 poenam
1763 3682 1837 3734 121.
1864 3701 1886 3735 ο.
1897 3687 1922 3736 el.
1938 3685 2026 3755 appel·

1204 3769 1329 3824 lationib.
1350 3770 1504 3834 incurrunt,
1517 3779 1543 3823 et
1556 3771 1627 3836 justa
1640 3787 1666 3821 n·
1683 3769 1744 3836 121,
1757 3787 1779 3824 ο.
1795 3771 1821 3821 il.
1844 3768 1940 3821 damno
1951 3769 2012 3824 litis

1206 3865 1334 3916 tenentos,
1351 3871 1382 3907 ac
1393 3852 1484 3907 decena
1496 3852 1573 3905 libris
1584 3851 1641 3906 aori
1655 3854 1823 3907 mulctantusz
1837 3851 1869 3905 de
1880 3855 1936 3920 jore
1948 3871 2024 3907 cano·

1207 3940 1266 3993 nico
1276 3955 1335 3993 vero
1346 3935 1430 4006 (quod
1447 3935 1535 4006 pranis
1550 3933 1593 3986 bio
1604 3935 1733 4004 sequitur)
1746 3953 1828 4006 poena
1841 3933 1890 3986 hoc
1909 3951 1969 3989 casu
1982 3949 2024 3990 est

1209 4021 1350 4077 arbitraria
1362 4037 1386 4074 e.
1399 4021 1443 4076 31.
1456 4019 1491 4073 Χ..
1505 4019 1532 4072 d.
1553 4018 1677 4091 appellnt.
1692 4017 1879 4088 Superioribus
1891 4018 1999 4087 quidem
2014 4058 2023 4085 ‚
2043 4010 2081 4060 18

1209 4107 1355 4162 remedium
1376 4105 1560 4177 suspensivum
1576 4106 1617 4161 vel
1636 4103 1809 4158 devolutivom
1828 4101 2026 4171 denegantibus,

1208 4207 1334 4262 expressa
1346 4191 1406 4244 talis
1419 4205 1501 4261 poena
1520 4197 1617 4243 statota
1630 4205 1682 4242 oon
1701 4199 1754 4252 est,
1778 4201 1811 4239 ex
1828 4199 1913 4240 mente
1937 4196 2025 4240 tameo

1208 4275 1294 4342 legis,
1308 4275 1350 4328 vel
1363 4271 1506 4326 minimum
1518 4270 1695 4324 conscientiae
1708 4269 1859 4330 dictamine,
1874 4271 1972 4336 peccati
1984 4287 2028 4322 no-

1209 4368 1259 4411 tam
1270 4373 1314 4410 eos
1326 4353 1439 4424 effugere
1463 4371 1540 4410 nemo
1554 4363 1653 4408 asseret
1670 4351 1746 4407 forte.
1771 4351 1926 4404 inferiorem
1944 4354 2024 4406 etlam
2045 4365 2080 4417 tp

1212 4441 1329 4507 iudicem
1344 4441 1400 4508 ejus
1413 4455 1511 4508 poenae
1523 4447 1550 4489 et
1561 4436 1727 4490 coercitionis
1743 4453 1816 4490 reum
1830 4433 1889 4488 lieri
1904 4446 2026 4505 potamus

1210 4539 1287 4588 tunc,
1308 4541 1369 4578 cuns
1383 4523 1531 4594 appellandi
1545 4537 1618 4577 causa
1645 4521 1724 4575 dubia
1748 4533 1864 4592 apparet,
1892 4523 1930 4574 sic
1954 4525 2027 4576 enim

1210 4609 1306 4662 melius
1319 4606 1396 4661 faciet
1413 4607 1489 4675 judea
1503 4609 1528 4659 ei
1542 4605 1642 4661 defessi
1665 4605 1694 4658 in
1716 4605 1842 4658 bonorem
1858 4605 2026 4675 superioris,

1209 4693 1256 4762 qui
1276 4693 1331 4746 sive
1343 4691 1378 4745 ait
1389 4693 1483 4760 rejecta
1497 4689 1648 4760 appellatio,
1661 4689 1716 4743 sive
1728 4690 1754 4741 ei
1777 4689 1904 4751 delatum,
1924 4705 2029 4759 semper

1210 4777 1243 4830 dv
1261 4775 1433 4830 subsistentia
1452 4777 1507 4842 ejus
1526 4770 1625 4838 iudicat
1642 4782 1669 4825 el
1686 4771 1781 4825 statuit
1799 4773 1883 4824 adlsnn
1912 4774 1931 4824 1.
1962 4775 1988 4826 3.
2007 4776 2027 4824 l-

1212 4860 1284 4912 131.
1300 4860 1343 4911 31.
1356 4875 1379 4911 u·
1392 4857 1424 4912 de
1437 4856 1558 4923 oppertae.
1579 4855 1692 4922 Quando
1714 4865 1798 4908 nutem
1818 4873 1894 4910 causa
1914 4857 1953 4910 vel
1972 4875 2025 4912 non
2046 4895 2081 4947 ω

1212 4953 1251 4998 est
1271 4939 1439 5012 appellabilir
1458 4937 1574 5007 dejure,
1595 4938 1633 4991 vel
1652 4935 1792 4992 manifeste
1810 4937 1911 5001 frirola,
1925 4938 2029 4995 deferre

1210 5027 1288 5080 etiam
1301 5027 1326 5078 ei
1335 5041 1387 5078 uon
1400 5033 1492 5093 puteat,
1504 5023 1627 5092 quoniam
1638 5023 1755 5076 malitiae
1765 5040 1816 5076 non
1825 5024 2026 5094 indulgendum,

1213 5129 1262 5164 neo
1277 5121 1374 5163 temere
1386 5109 1577 5178 promovendae
1591 5107 1665 5159 lites.
1688 5109 1746 5177 Qua
1768 5107 1871 5160 ratione
1885 5110 1965 5162 etiam
1985 5111 2026 5164 iu·
2044 5137 2079 5188 Μ

1212 5197 1353 5267 telligimns
1365 5212 1394 5246 n.
1405 5193 1450 5246 32.
1463 5212 1486 5247 ο.
1505 5195 1549 5245 12.
1563 5210 1628 5264 qnae
1642 5193 1768 5247 omuibus
1779 5191 1865 5247 modis
1876 5196 2026 5265 appellatio-

1212 5299 1258 5337 nes
1271 5279 1450 5352 suscipiendas
1463 5281 1555 5334 sancis.
1581 5280 1635 5350 lpsi
1649 5290 1743 5334 temese
1768 5283 1925 5351 appellentes
1943 5284 2025 5336 etiam
2047 5319 2085 5370 32

1212 5385 1263 5420 οοο
1277 5367 1306 5418 in
1317 5366 1477 5418 couscientia
1489 5367 1582 5418 saltem
1600 5375 1718 5433 peccant,
1730 5367 1774 5419 sed
1788 5368 1820 5419 de
1834 5384 1940 5420 romano
1950 5371 2007 5436 jure
2019 5407 2028 5435 ,

1212 5463 1310 5520 praeter
1327 5449 1520 5501 restitutionem
1545 5448 1636 5500 damni
1656 5463 1681 5503 es
1701 5467 1896 5521 expensarum,
1919 5467 2025 5520 gravem

1212 5553 1322 5604 poenam
1336 5533 1538 5587 temerante.
1553 5541 1576 5596 5.
1591 5534 1615 5587 1.
1626 5551 1650 5590 c.
1661 5533 1687 5590 d.
1707 5538 1833 5604 appellnt.
1846 5539 1863 5604 l,
1880 5537 1922 5588 lll.
1933 5555 1956 5589 c.
1966 5541 2029 5592 eosi.

1212 5619 1457 5688 serenessimi
1476 5625 1503 5671 et
1521 5633 1611 5672 comos
1630 5619 1746 5676 etlsocati
1766 5639 1815 5692 pro
1835 5639 1861 5676 re
1885 5631 1944 5674 nata
1958 5622 2027 5674 mul·

1213 5717 1262 5776 eta,
1276 5721 1385 5775 carcere,
1398 5705 1452 5760 imo
1464 5719 1545 5778 poena
1560 5706 1677 5777 corporis
1695 5704 1823 5763 afflictis-a
1838 5705 1989 5778 pociantur
2005 5713 2029 5768 ς.
