4456 6208
385 280 437 334 nnn
945 275 1183 332 nuscuntur.
1204 273 1385 330 cuuuutu.
1911 267 1963 328 son
2074 325 2079 338 ,

331 377 448 444 quiritur
466 391 575 427 eumen
594 372 763 438 resumendi,
781 389 816 426 ne
833 371 880 425 isti
903 373 1024 437 uirtuti,
1042 383 1086 424 eut
1103 372 1149 423 elii
1203 371 1283 438 groslu
1303 371 1462 440 insignitus,
1477 371 1503 422 in
1518 369 1670 440 prouinciali
1689 369 1796 424 cisiiete
1812 367 1899 422 sedern
1918 369 2014 422 consti·

331 461 530 523 coercuerit·
549 459 611 512 turbs
630 460 709 511 melis
729 453 1148 526 implereturbominibus,quod
1202 455 1311 518 luisset,
1331 455 1499 524 megistretus
1530 455 1657 522 oppidani
1690 449 1868 519 jurisdictioni
1892 451 2017 506 obesset?

331 563 345 592 e
359 543 437 593 certis
454 540 589 611 deputetis
607 543 645 597 vel
663 539 824 595 oiitcinlibus
842 539 874 590 ed
887 538 915 590 id
929 539 1079 590 constitutis
1090 535 1149 590 fieri
1203 538 1279 590 lions.
1298 540 1323 592 J.
1337 539 1443 608 quidem
1463 555 1505 592 res
1523 537 1604 591 dubio
1624 551 1705 599 cerer,
1719 553 1771 592 tum
1791 539 1894 608 legibus
1911 557 2017 610 expres·

332 625 411 691 solet,
429 637 569 696 cutequern
594 646 608 678 e
635 639 723 680 senetu
748 625 908 694 recipiatur:
936 622 1033 675 deinde
1058 621 1150 675 solutio
1202 621 1255 687 sis,
1274 622 1303 675 hi
1322 625 1393 678 ttulle
1412 625 1468 694 lege
1487 622 1639 691 municipali
1664 622 1774 679 serendi
1804 631 1881 676 sunt:
1901 625 2019 680 moribus

333 723 416 764 certee
435 712 560 781 pecuniae
576 714 623 766 des
637 711 742 780 Biirger
756 709 871 773 Geldes,
882 723 948 776 qnee
960 706 1029 759 reris
1049 724 1096 776 pro
1108 704 1150 757 di·
1203 720 1262 757 rern
1280 708 1378 758 nostris
1395 707 1505 760 omnino
1523 705 1548 758 ei
1569 705 1733 776 megistretui
1754 724 1782 759 se
1800 708 1946 761 subducere
1964 729 2018 763 nou

334 795 454 850 versitate
471 795 635 866 eorem,qni
655 792 886 863 recipiuntur,rel
907 791 952 842 uhi
970 789 1150 858 recipiuntur,
1204 801 1324 857 possunt,
1350 790 1543 859 jurisdictionis
1570 790 1700 860 siquidem
1729 789 1800 858 vigor
1829 792 1905 860 longe
1934 792 2018 857 elius,

331 883 401 934 Μαι.
414 879 480 952 udj.
498 881 595 933 luthero.
612 881 630 931 i.
646 883 671 929 1.
687 889 705 928 t.
721 879 749 928 2·
762 887 813 930 ert.
827 877 937 942 deuius
951 873 1059 940 uestigio
1072 873 1150 924 etiem
1202 888 1278 939 quem
1298 873 1474 928 llomenorum
1495 885 1578 926 setete
1598 874 1765 926 constitutus.
1785 873 1814 926 Si
1835 873 1919 942 iteque
1941 873 2021 928 hodie

335 964 405 1036 epud
425 965 557 1017 Romanos
575 972 665 1016 extent
685 961 803 1016 selutiin
822 959 896 1028 tysis
921 967 973 1012 nct.
996 954 1153 1007 enceinte
1203 956 1335 1026 principes
1354 958 1505 1010 cisitetilsus
1524 955 1737 1024 jurisdictionem
1762 955 1790 1006 in
1809 973 1901 1007 omnes
1921 958 1958 1009 ibi
1979 960 2017 1010 sl·

333 1049 492 1118 requiritur,
513 1059 541 1100 ut
560 1049 615 1116 ejus
642 1063 737 1098 nomeu
757 1043 950 1098 civitatensium
978 1039 1037 1092 elbo
1056 1041 1151 1090 insece·
1203 1051 1288 1092 ventes
1306 1057 1473 1106 concessere,
1492 1056 1570 1092 nemo
1589 1037 1673 1106 inibi,
1694 1039 1746 1090 nisi
1765 1038 2017 1110 specielemeprin·

337 1142 397 1197 tur,
415 1131 485 1184 unde
503 1147 562 1183 eum
582 1129 763 1182 civitatensem
789 1145 858 1190 esse,
879 1125 924 1193 qui
951 1123 1110 1192 inscriptus,
1128 1131 1152 1172 et
1203 1120 1261 1190 cipe
1289 1125 1483 1192 exemptionem
1515 1124 1642 1177 exhibere
1671 1123 1768 1188 select,
1800 1135 1934 1190 exemptus
1963 1139 2019 1178 esse

335 1216 457 1269 emittere
474 1215 541 1268 illud
561 1232 671 1277 nomen,
690 1215 735 1282 qui
754 1213 856 1264 deletus
881 1209 1026 1280 reperitur,
1044 1223 1151 1275 ergucre
1202 1215 1332 1256 censetur.

334 1301 409 1352 solet.
429 1301 530 1352 lictor.
551 1297 632 1350 decis.
646 1298 671 1350 d·
687 1313 762 1352 cous.
774 1305 887 1362 exempl.
901 1294 1020 1346 conclus.
1033 1293 1058 1345 3.
1071 1291 1100 1340 in
1110 1304 1151 1356 pr.
1237 1289 1259 1352 §.
1278 1290 1303 1339 ⁸.
1324 1289 1404 1342 Porro
1425 1291 1570 1360 requiritur
1589 1291 1621 1344 ed
1635 1287 1765 1342 domicilii
1786 1291 2017 1362 constitutionem,

331 1382 386 1446 ite,
404 1391 436 1434 ut
459 1393 604 1450 resumptus
629 1399 681 1433 nou
710 1384 796 1432 minus
816 1379 923 1449 proprie
947 1395 976 1430 ec
993 1376 1150 1444 originarius
1203 1373 1395 1442 praesumptio,
1415 1384 1442 1425 ut
1461 1375 1557 1443 eliquis
1577 1389 1630 1427 non
1651 1387 1734 1439 metu,
1755 1376 1793 1428 sel
1819 1391 1921 1446 propter
1940 1397 2018 1448 nego-

334 1465 497 1518 cisitetensis
516 1477 553 1518 est
571 1465 590 1516 l.
609 1467 634 1516 ⁵1.
653 1463 679 1515 d.
699 1464 780 1517 incol.
800 1461 1044 1530 ciriteteusinrnque
1062 1459 1151 1528 eppei·
1203 1455 1338 1509 tietiouem
1367 1477 1393 1512 sc
1414 1461 1443 1513 in
1467 1463 1602 1512 ciuitatem
1629 1461 1775 1531 receperit,
1800 1464 1843 1516 sed
1868 1461 1968 1532 libere,
1990 1485 2019 1522 ee

334 1549 433 1602 letione
452 1548 619 1613 continetur,
639 1548 691 1602 cisi
710 1547 781 1601 eliud
802 1548 830 1598 in
856 1545 962 1598 stetutis
980 1546 1019 1599 rel
1039 1543 1152 1612 slispcsi·
1202 1541 1390 1608 praemeditare
1417 1543 1561 1613 requiritur
1586 1546 1719 1608 uolentes,
1742 1564 1808 1615 quer
1833 1549 1934 1601 temdiu
1966 1563 2019 1604 non

336 1629 455 1682 tionibus
473 1630 505 1683 de
522 1631 676 1700 originariis
694 1647 816 1699 expresse
836 1631 936 1683 mentio
954 1624 1016 1692 fiet,
1034 1629 1104 1678 illes.
1118 1627 1154 1679 od
1204 1627 1396 1691 {treesomitun
1415 1629 1539 1696 quimdiu
1559 1639 1643 1700 metus
1661 1647 1706 1680 seu
1721 1631 1852 1698 negotium
1872 1631 1954 1686 duret.
1968 1637 2021 1688 flo-

325 1714 376 1787 jus
393 1713 490 1766 lubecc.
510 1715 527 1765 l.
548 1717 576 1766 1.
594 1716 634 1768 tit.
657 1715 682 1766 2.
705 1725 757 1768 ort.
782 1716 806 1764 3.
827 1714 863 1768 uti
880 1712 1030 1782 ergentinne
1049 1721 1153 1781 propter
1204 1707 1247 1758 die
1263 1726 1324 1762 sero
1342 1710 1496 1782 pierumque
1514 1716 1575 1765 solet
1588 1714 1614 1764 in
1630 1713 1782 1765 civitetilsus
1800 1727 1896 1768 certum
1916 1719 2021 1788 eliqund

335 1805 431 1850 etetnte
445 1799 500 1865 ejus
517 1797 634 1850 ciuitatis
652 1798 710 1851 telis
723 1798 898 1868 assumptisus
911 1797 1091 1860 civitatensis,
1106 1812 1152 1848 ne·
1206 1805 1306 1861 tempus
1331 1795 1473 1858 oussstitui,
1493 1813 1577 1848 etsnus
1600 1813 1711 1865 nempe,
1731 1796 1798 1850 intre
1823 1799 1892 1866 quud
1919 1813 2021 1872 ternpus

333 1897 383 1949 qne
402 1881 631 1949 stromensem,
650 1899 733 1952 neque
750 1884 782 1934 ed
801 1879 1065 1950 quindecitueiretutn
1085 1879 1152 1948 espi-
1204 1878 1317 1946 aliquem
1332 1880 1372 1946 jus
1390 1881 1585 1932 civitatensium
1600 1883 1733 1951 requirere
1745 1893 1789 1933 eut
1802 1881 1934 1937 discedere
1947 1905 2021 1957 optor.

334 1979 393 2014 rere
411 1971 507 2032 potest.
1207 1971 1408 2024 tet,msueutes
1428 1980 1488 2018 roro
1507 1964 1575 2015 ultro
1595 1961 1765 2033 praefinitum
1787 1975 1902 2036 tempus,
1917 1987 1965 2040 pru
1978 1975 2019 2023 in-

368 2045 393 2118 §.
412 2049 436 2100 n.
455 2049 514 2100 lem
532 2048 648 2115 sequitur
665 2047 766 2114 incole,
784 2046 868 2119 quelis
887 2045 999 2118 est,qui
1019 2044 1046 2097 iu
1065 2043 1152 2114 elique
1202 2045 1268 2096 colis
1295 2059 1466 2115 reputentur,
1487 2059 1511 2101 ut
1539 2065 1623 2118 neque
1650 2048 1718 2101 ιιιιιΙι
1745 2053 1912 2117 contestetio,
1939 2071 2022 2123 neque

332 2133 437 2184 ciritetc
456 2131 620 2185 domicilium
639 2135 796 2199 constituit,
817 2133 834 2184 l.
851 2133 946 2202 pupill.
965 2130 988 2201 5.
1006 2131 1151 2182 incolueri-
1205 2130 1358 2194 protestetio
1375 2131 1446 2180 ectui
1466 2143 1556 2184 contre
1577 2149 1621 2183 ecs
1639 2133 1758 2198 edjuuet,
1777 2133 1847 2185 tues.
1864 2136 1890 2187 d.
1914 2136 1930 2188 1.
1957 2137 2022 2192 inde

334 2231 357 2267 u.
373 2233 392 2266 r.
407 2216 466 2267 Gel.
480 2234 504 2268 o.
520 2217 562 2268 33.
576 2235 603 2268 n.
618 2219 643 2268 3.
657 2219 690 2268 ed
702 2217 770 2286 quod
790 2215 920 2269 domicilii
939 2213 1151 2266 constitutionem
1204 2219 1266 2278 puto
1285 2210 1450 2282 desumptum
1471 2232 1543 2278 esse,
1561 2215 1630 2285 quod
1647 2213 1836 2269 filiusiemiiics
1853 2219 2020 2289 odolescene,

334 2314 386 2349 stou
407 2297 475 2349 nude
494 2297 585 2350 domus
604 2295 722 2364 scilicit,
741 2300 782 2352 vel
800 2299 933 2369 possessio
957 2299 1044 2367 elique
1064 2313 1151 2350 rerum
1203 2296 1321 2364 quemvis
1335 2299 1368 2348 sit
1387 2299 1550 2351 civitatensis
1563 2302 1737 2370 originerius,
1753 2310 1878 2371 tenentur¹
1890 2323 1965 2360 suum
1980 2309 2023 2360 iu-

331 2380 805 2444 imnsnbilium,l.1’l.§.d.lil.nd
817 2383 943 2450 municip.
962 2385 1152 2451 docemurque
1203 2395 1290 2433 serere
1313 2401 1406 2436 noussen
1434 2385 1628 2438 uisiteteusium
1652 2388 1728 2452 elbo,
1754 2406 1812 2440 cunr
1838 2405 1981 2461 sepuretem
2007 2415 2021 2448 e

336 2481 361 2514 c.
381 2464 406 2514 d.
431 2464 512 2517 insol.
531 2465 576 2516 sed
594 2465 739 2534 requiritur
758 2467 941 2532 domicilium,
958 2465 1026 2535 quod
1045 2485 1058 2517 e
1078 2467 1154 2520 doum
1205 2465 1282 2519 domn
1301 2482 1406 2536 peterno
1431 2469 1535 2524 domum
1561 2471 1670 2531 leobere,
1691 2473 1731 2525 sel
1752 2491 1795 2525 sue
1821 2477 1917 2544 quudre
1937 2479 2023 2534 sisere

338 2546 448 2614 differt,
468 2565 528 2600 nem
550 2548 616 2600 illud
635 2559 675 2602 est
692 2551 846 2604 constitutio
864 2550 944 2616 juris,
960 2549 1035 2617 hujus
1053 2567 1155 2618 posses·
1205 2549 1317 2620 incipit,
1331 2556 1399 2607 llice.
1417 2556 1469 2606 rii.
1481 2559 1550 2626 quod
1571 2557 1639 2628 epod
1655 2558 1786 2608 llomeuos
1805 2577 1873 2614 enno
1893 2563 1938 2614 17,
1951 2581 2020 2616 eum.

337 2633 378 2684 sio
396 2641 435 2684 est
456 2641 555 2685 tentum
575 2630 649 2696 lecti,
668 2629 766 2684 utentis
786 2633 879 2702 Steph.
897 2629 1041 2702 dejecisti.
1060 2632 1153 2684 t.1.c.
1205 2644 1246 2701 pte
1267 2635 1337 2686 uirili
1359 2647 1430 2704 tege,
1452 2639 1561 2692 Athenis
1578 2658 1647 2693 enno
1668 2641 1710 2690 20.
1728 2637 1822 2704 debet,
1841 2646 1962 2711 quemuis
1981 2664 2022 2699 se·

336 2715 383 2766 28.
400 2733 428 2765 n.
443 2716 526 2766 unet
541 2715 734 2785 possessionem
753 2716 813 2784 quis
831 2717 986 2768 constituere
999 2723 1085 2784 potest
1098 2716 1155 2767 sine
1206 2728 1321 2784 peretum
1340 2720 1423 2774 ierem
1443 2739 1605 2792 nequaquem
1632 2721 1775 2790 heberent,
1795 2724 1886 2779 Celler.
1911 2731 1940 2780 r'n
1963 2731 2020 2796 pol.

335 2800 388 2850 ullo
414 2796 547 2852 hebitendi
572 2801 676 2862 enimn,
696 2801 860 2854 domicilium
881 2817 942 2854 vero
968 2799 1077 2870 requirit
1094 2809 1154 2854 ente
1205 2817 1226 2853 c.
1240 2803 1265 2851 ¹1.
1284 2821 1311 2855 n.
1331 2805 1374 2856 18.
1394 2807 1462 2873 quoti
1481 2808 1559 2860 etiem
1573 2807 1723 2861 oltsersutur
1743 2811 1918 2880 degentium,
1939 2818 2020 2870 Vens·

335 2881 424 2934 omnis
443 2880 558 2932 euimum
578 2891 604 2932 et
625 2881 798 2948 uoluentem,
817 2883 898 2936 ierem
919 2899 1019 2945 rerum,
1038 2881 1151 2938 fortune-
1205 2884 1360 2953 tiisslnter
1380 2891 1497 2953 nobiles,
1511 2891 1619 2962 Cespsr·
1638 2893 1743 2946 Contsr.
1763 2895 1833 2948 Pete.
1845 2899 1911 2949 Ven.
1930 2899 1957 2951 in
1971 2917 2021 2956 sun

336 2963 657 3032 tumltuhfflussilu‘ndis
676 2965 701 3016 ‘1-
712 2965 732 3016 1·
752 2967 794 3016 17·
807 2965 831 3036 ᾗ·
845 2966 869 3018 i5·
890 2967 934 3016 13·
951 2967 969 3018 i·
989 2967 1032 3017 27·
1046 2974 1067 3028 l·
1080 2968 1105 3018 2·
1117 2971 1154 3021 act
1204 2979 1285 3022 trocc.
1308 2975 1390 3040 Apud
1400 2985 1497 3026 veteres
1517 2975 1673 3028 Germanos
1691 2995 1747 3032 non
1768 2991 1834 3032 oute
1852 2981 2021 3049 morirernr,

337 3047 464 3120 municip.
477 3049 494 3100 l.
510 3046 534 3100 l.
547 3063 570 3099 c.
584 3047 609 3098 d.
628 3048 709 3101 incol.
727 3049 823 3103 Mettis.
837 3051 892 3104 Col.
911 3049 945 3104 cie
961 3069 1075 3118 process.
1090 3071 1153 3123 pag.
1203 3055 1326 3122 cuiquem
1339 3075 1418 3112 ormo
1432 3077 1535 3129 cepere,
1549 3058 1593 3128 (id
1602 3072 1640 3112 est
1655 3080 1711 3114 con
1722 3063 1797 3133 prius
1810 3065 1962 3120 debebatur
1970 3087 2021 3139 pro

336 3133 363 3183 3.
375 3149 398 3184 c.
410 3132 429 3183 1.
441 3149 467 3184 n.
484 3132 526 3182 ³⁰.
545 3129 662 3197 quemuis
680 3143 765 3185 eutem
785 3133 871 3186 incole
890 3135 996 3188 nomine
1006 3147 1030 3188 et
1051 3140 1152 3190 modos
1203 3141 1275 3208 eice)
1287 3155 1434 3212 antequem
1449 3145 1542 3196 cicitur
1553 3145 1731 3214 suffecturum
1748 3151 1899 3215 proludere
1916 3165 1972 3207 rum
1990 3157 2019 3209 ip

335 3215 489 3270 ciritetense
506 3211 619 3278 differet,
642 3213 669 3268 in
689 3213 783 3268 effectu
800 3233 862 3272 vero
879 3219 1052 3286 conueniunt,
1071 3221 1110 3273 uti
1126 3221 1152 3272 in
1202 3225 1260 3294 ipso
1281 3226 1412 3292 conscilio,
1432 3229 1474 3281 uel
1491 3229 1642 3296 principum
1671 3231 1783 3302 uliquis,
1802 3234 1844 3288 uei
1865 3248 1959 3304 puter,
1981 3239 2022 3293 nel

338 3318 360 3354 ⁶·
374 3303 400 3350 ¹·
413 3299 519 3352 ditium·
1202 3309 1382 3378 propinquus,
1400 3312 1652 3382 ecutnsronrenpue
1663 3315 1790 3383 juvenem
1809 3322 2022 3386 ornabotslsm

374 3383 413 3435 ltcl
434 3384 541 3437 incoleti
566 3395 649 3437 eutem
678 3382 927 3438 demonstretionerc
953 3395 1031 3455 etque
1048 3387 1148 3442 certitu·
1204 3391 1278 3460 opud
1289 3395 1351 3444 iilos
1362 3395 1628 3463 toge,ilioprit·etus
1637 3397 1877 3468 junenroeitonos,
1892 3417 1957 3459 ante
1971 3409 2023 3460 nou

337 3467 549 3538 clinem,'eliquo
568 3467 689 3537 probatio
713 3483 820 3520 necesse
843 3478 900 3533 est,
919 3468 1040 3522 imbuisse
1060 3488 1154 3542 nempe
1203 3477 1299 3532 dourenc
1314 3496 1381 3548 pore
1399 3478 1557 3542 uidebatur,
1575 3497 1642 3534 moe
1660 3484 1775 3552 reputt.
1794 3486 1882 3541 Tecit.
1901 3489 1926 3542 el.
1952 3507 2019 3545 mor.

337 3551 455 3602 oninium
474 3548 651 3603 constituendi
672 3548 851 3615 domicilium,
863 3552 907 3621 qui
926 3554 1028 3606 enimus
1047 3566 1155 3624 apperet
1209 3559 1300 3612 Germ.

335 3637 374 3687 ecl
393 3650 424 3687 ex
445 3634 587 3686 hebitentis
605 3634 782 3686 decleretinne
800 3651 941 3704 expresse,
966 3638 1010 3690 nbi
1035 3637 1174 3712 scilicit,¹
1238 3653 1258 3705 ς.
1277 3663 1303 3712 9.
1321 3645 1572 3717 Requirirnreutem
1592 3647 1623 3698 nd
1643 3647 1807 3704 civitatenses
1837 3652 1950 3708 iormele
1983 3661 2021 3726 jn-

334 3718 447 3788 ediquem
466 3717 556 3769 omnio
573 3733 675 3768 suerrum
696 3732 782 3768 rerum
802 3719 898 3770 elicubi
919 3720 1072 3787 trensierre,
1095 3718 1174 3776 lle-’¹
1204 3741 1368 3793 cementum,
1387 3729 1421 3780 ob
1441 3731 1489 3784 lton
1506 3731 1578 3784 enim
1599 3727 1629 3784 lit
1647 3732 1742 3801 uliquis
1761 3737 1894 3807 pertineps
1915 3741 2013 3807 jurispr,

335 3803 421 3854 enerd.
440 3800 590 3869 deprobor.
608 3799 847 3854 conciliamini.
866 3811 944 3871 etque
964 3804 1152 3860 incontinenti
1203 3824 1281 3880 atque
1299 3813 1515 3883 priuilegiorum,
1534 3827 1676 3886 propteree
1697 3825 1820 3872 tenentur
1844 3841 1935 3877 omne,
1954 3827 2018 3879 etei.

340 3885 483 3936 lnocinium
500 3885 633 3936 constitnit
650 3885 720 3935 dier.
737 3885 832 3957 adjus
849 3887 947 3940 lubeco.
974 3886 991 3937 l.
1021 3890 1046 3938 l.
1067 3888 1105 3942 tit.
1126 3890 1152 3940 d.
1204 3903 1331 3959 tetenses,
1352 3896 1428 3948 utiet
1448 3899 1546 3952 incolae
1564 3900 2016 3976 iuciriteteprosineielitumqmm

336 3978 391 4020 ort.
418 3965 443 4018 3.
470 3967 509 4018 rel
528 3966 592 4018 elies
612 3983 642 4018 ex
664 3967 725 4019 eliis
750 3969 907 4037 urgentibus
929 3971 1030 4036 neuris,
1047 3973 1151 4028 enimus
1203 3977 1301 4030 subditi
1322 3987 1452 4046 preestere
1470 3983 1851 4052 juretnentnmsulsiectinnis,
1877 3991 2020 4048 Eri—md.

336 4051 517 4106 comtuot‘endi
537 4059 675 4121 perpetuus
688 4053 772 4105 erinei
790 4063 867 4124 etque
884 4054 942 4108 erni
962 4067 1054 4123 potest,
1069 4059 1106 4109 uti
1121 4073 1153 4111 ex
1202 4061 1316 4132 dignnp,
1334 4064 1463 4133 superiori
1481 4081 1526 4118 see
1544 4068 1659 4138 principi
1678 4073 1772 4138 eteius
1785 4071 1942 4129 heeredibus
1955 4083 2016 4140 ,pls

335 4139 354 4190 l.
368 4139 430 4188 303.
442 4137 468 4188 d.
481 4154 509 4189 u.
519 4152 542 4189 e.
554 4137 572 4189 i.
586 4138 612 4190 2.
625 4139 694 4190 cert.
711 4145 800 4192 nutem
821 4139 952 4209 mojorem
969 4161 991 4194 o.
1004 4144 1052 4197 ott
1067 4159 1153 4202 senet.
1202 4147 1640 4203 iitenrecludenda-Furores
1650 4151 1706 4205 und
1715 4152 1945 4220 &euertuntur
1956 4163 2019 4219 clero

336 4224 355 4276 l.
375 4221 483 4274 Cleriss.
502 4221 604 4273 illerius
624 4222 663 4274 od
677 4222 831 4288 irsslnbecc·
852 4225 878 4276 d.
899 4226 918 4276 l.
940 4227 1036 4279 Probet
1055 4241 1079 4283 et
1097 4230 1154 4282 diu·
1204 4233 1427 4293 Nncitlcomuren,
1442 4234 1571 4286 llosentlr.
1583 4236 1602 4286 d
1614 4235 1696 4304 send.
1710 4255 1738 4306 p.
1751 4242 1774 4288 1.
1786 4257 1808 4292 c.
1822 4241 1849 4292 3.
1869 4247 1955 4297 cenet,
1975 4249 2019 4300 37,

336 4307 450 4358 lurniies
477 4303 619 4373 temporis,
644 4303 808 4358 decennnium
834 4307 939 4378 quidem
963 4313 1035 4378 juxte
1064 4315 1155 4367 multo·
1204 4317 1262 4367 Zes.
1276 4317 1300 4368 ci.
1310 4315 1389 4385 find.
1399 4335 1426 4387 p.
1439 4319 1464 4370 7.
1478 4336 1504 4370 n.
1518 4317 1647 4371 21.ant.
1661 4317 1687 4372 d.
1697 4317 1772 4382 senti.
1784 4323 1811 4375 d.
1830 4343 1857 4376 u.
1872 4325 1897 4376 ii.
1916 4326 2016 4384 Knieh.

338 4408 394 4442 rutn
414 4391 586 4458 sententium,
605 4391 623 4439 l.
641 4391 666 4440 3.
691 4408 713 4442 c.
731 4391 755 4442 ti.
774 4389 856 4444 ineol.
877 4393 959 4446 lulius
981 4403 1067 4448 temen
1085 4399 1152 4452 Mes.
1199 4401 1402 4469 d01‘ureterrit.
1427 4419 1449 4454 e.
1476 4403 1499 4454 3.
1525 4421 1552 4454 n.
1577 4403 1638 4455 tttt.
1657 4404 1734 4456 mocio
1753 4407 1853 4460 subditi
1873 4411 1946 4462 soliti
1961 4414 2016 4466 sint

336 4474 360 4525 cl.
376 4473 393 4526 l.
412 4483 501 4542 putet,
517 4471 569 4524 itoc
590 4473 706 4525 erbitrio
725 4473 823 4539 judicis
841 4491 897 4527 esse
914 4479 1149 4548 committendum,
1203 4497 1333 4553 preestsre
1351 4487 1520 4554 subiectionis
1538 4491 1734 4555 lucrementum,
1752 4507 1808 4542 eum
1830 4492 1928 4560 ltoojus
1943 4511 2017 4561 pre..

336 4557 380 4626 qni
400 4573 448 4624 pre
465 4555 722 4609 circumstantierum
742 4558 896 4611 conditione
913 4558 1042 4614 domicilii
1059 4568 1155 4620 consti·
1202 4573 1291 4624 srendi
1312 4571 1450 4636 inrementi
1470 4573 1626 4639 longissimo
1657 4581 1775 4644 tempore
1803 4576 2018 4646 praescribetur,

336 4641 462 4693 tutionem
482 4654 590 4706 urguere
607 4645 699 4708 potest
1200 4655 1297 4720 ,ML
1315 4657 1337 4721 §.
1355 4658 1487 4724 quom-,m
1507 4673 1576 4712 „m
1595 4659 1736 4726 quamn,
1755 4659 1781 4711 p·
1789 4656 1873 4726 send,
1886 4663 1958 4727 cujus
1977 4665 2017 4718 “q

372 4717 397 4791 5·
415 4722 441 4771 7·
460 4719 616 4790 Re(lliiliiffl'
633 4730 741 4786 mim»
759 4731 789 4774 ¹¹¹
813 4721 869 4776 'ini
893 4725 1150 4794 1³²¹⁸⁰⁰¹⁰htbi¹⁰⁵‚
1200 4739 1350 4806 esesnplum
1371 4741 1447 4793 nuliis
1466 4738 1620 4808 suppeditet
1648 4742 1742 4794 cirites
1773 4743 1928 4811 argentine,
1952 4763 2019 4815 quse

336 4821 368 4856 ΩΧ
386 4803 481 4873 quibit!
499 4803 631 4855 domitilli
648 4803 804 4856 GOMiiltliio
830 4808 961 4879 pqmllmi
980 4820 1079 4878 poledi,
1099 4829 1151 4882 quo
1200 4821 1320 4890 quumvis
1339 4820 1452 4890 imperio
1471 4833 1575 4890 pum,
1594 4825 1770 4891 iuuquum
1791 4827 1942 4894 impenqupj
1964 4847 2017 4882 non

335 4903 388 4943 nou
407 4895 530 4957 spectent
549 4887 673 4951 studiosi,
694 4886 837 4957 praefectus
857 4891 968 4958 elicujus
985 4894 1153 4961 cestelli,us·
1201 4913 1325 4970 preerunt,
1345 4913 1481 4972 propteree
1513 4905 1577 4958 illud
1607 4907 1687 4961 etiem
1714 4906 1840 4960 hodierno
1866 4909 2015 4979 imperaror-t

338 4989 423 5024 sessor
439 4972 479 5024 rel
496 4971 623 5024 minister
641 4973 750 5041 elicvtjns
769 4973 879 5037 iudicii,
890 4973 959 5042 qood
973 4973 1001 5026 in
1020 4977 1085 5030 urbe
1098 4989 1151 5042 est,
1202 4983 1332 5052 leopoldo
1350 5003 1420 5038 suno
1437 4987 1480 5038 00,
1500 4989 1532 5040 ,1)
1549 5007 1578 5042 ῃ
1597 4990 1702 5042 ΜΝ.
1719 4989 1875 5058 dmm„
1895 5005 1941 5048 033·
1961 4995 2015 5048 Api

338 5057 484 5112 eonsilierii
504 5057 644 5128 principis,
659 5056 707 5109 sub
725 5057 820 5127 quibus
833 5077 884 5112 nnn
898 5060 1096 5126 intelliguntur,
1111 5065 1152 5117 elie
1203 5067 1291 5116 dicunt
1311 5067 1487 5134 inremenlem
1507 5071 1677 5133 subiectionis
1697 5075 1839 5141 preesteri,
1858 5075 1961 5130 retinne
1975 5080 2016 5144 in-

337 5145 443 5197 licetine
461 5141 519 5198 unci
537 5143 640 5196 Diener
657 5162 709 5198 con
727 5145 821 5197 Hnstse
840 5161 890 5198 usse
907 5161 987 5214 seyn,
1002 5147 1042 5196 illi
1059 5163 1151 5218 nernpe
1203 5151 1387 5214 riedietionis,
1405 5157 1587 5221 protectionis,
1606 5168 1634 5209 et
1653 5159 1746 5210 tutelee
1773 5159 1915 5228 publices,
1943 5161 2017 5217 Neu.

338 5226 517 5292 jurisdictioni
536 5227 586 5279 loci
607 5227 730 5292 subsunt,
748 5229 822 5298 Leip.
839 5226 866 5281 d.
884 5247 961 5282 conc.
986 5232 1082 5294 purird.
1107 5253 1151 5304 pu.
1202 5251 1276 5287 conr.
1289 5236 1352 5288 333.
1366 5253 1390 5286 n·
1404 5237 1447 5288 31.
1465 5249 1490 5290 et
1501 5255 1576 5293 cons.
1592 5241 1654 5292 ute.
1668 5259 1696 5294 e.
1713 5243 1739 5295 l.
1759 5243 1850 5312 steph·
1869 5243 1893 5296 d.
1913 5244 1933 5295 l.
1949 5246 2015 5300 lllnd

340 5311 384 5360 tn.
403 5309 526 5364 Advocati
546 5327 624 5376 vero,
638 5313 783 5366 residentes
796 5331 884 5381 regum
898 5329 927 5366 ec
939 5315 1089 5383 principum
1103 5331 1153 5370 etc.
1202 5329 1285 5370 eutem
1305 5321 1480 5386 jurementum
1501 5321 1671 5389 subjectionis
1684 5326 1762 5378 cernel
1777 5329 1942 5396 preestitum,
1957 5329 2015 5383 hee·
2113 5395 2117 5400 Ι

338 5395 409 5446 Mer.
422 5395 447 5448 d.
460 5393 585 5464 lquiisus
603 5409 818 5461 annumerentur,
837 5397 881 5451 die
904 5400 1005 5467 Vligre,
1024 5401 1151 5468 Zdllner,
1204 5402 1278 5454 redes
1296 5401 1491 5455 cisitetensium
1510 5403 1573 5457 eden
1592 5407 1668 5475 liget,
1687 5417 1715 5459 ut
1734 5407 1857 5479 deinceps
1875 5428 1888 5460 e
1909 5423 2018 5480 ρωςι..

343 5479 592 5545 dteureinnehnrer,
605 5484 669 5536 item
684 5485 728 5552 qui
747 5483 776 5536 in
795 5483 862 5536 iocis
880 5503 893 5534 e
911 5484 1024 5536 civitetis
1043 5483 1150 5550 jurisdl-
1207 5483 1280 5535 tione
1299 5484 1414 5551 ejusdem
1434 5487 1485 5540 sint
1504 5487 1651 5550 immunes,
1671 5507 1729 5544 curn
1744 5493 1779 5545 sit
1792 5493 1995 5548 hoerediterium
2006 5535 2015 5562 ‚

343 5561 432 5614 ctione
447 5567 577 5634 exemptis
597 5567 727 5632 hubitant,
746 5569 824 5621 etiem
851 5561 1018 5629 eximuntur,
1037 5569 1150 5624 lllev.d.
1201 5565 1415 5622 Meunch.cenr.
1434 5569 1497 5621 339.
1516 5571 1615 5624 Kninh.
1634 5574 1658 5626 d.
1672 5567 1773 5648 juris'd.
1793 5576 1878 5630 territ.
1901 5595 1927 5630 u.
1956 5581 2016 5630 167.

338 5643 357 5694 l.
376 5655 428 5698 ort.
447 5644 472 5698 3.
493 5648 544 5703 sed
563 5665 624 5703 nom
644 5650 665 5704 si
691 5653 803 5706 clericus
827 5650 933 5722 quidem
956 5667 1001 5703 seu
1027 5649 1053 5704 d.
1072 5662 1117 5706 eut
1134 5653 1153 5707 i.
1203 5649 1282 5704 hodie
1298 5667 1357 5707 sero
1375 5653 1528 5728 plerumque
1548 5656 1709 5728 snsqistretus
1728 5660 1844 5716 civitetis
1861 5660 2018 5735 ebunpquo·
