4404 6168
409 259 463 314 wt
937 251 1449 310 utseucsrtoxxtu.
1920 257 1979 314 'llfl

358 353 472 427 blieae
498 351 649 426 felicitas
666 349 762 422 salsa
790 375 863 420 esse
891 367 1023 448 potest3
1051 377 1130 428 nov.
1157 361 1193 432 6,
1221 359 1260 424 in
1283 355 1449 449 princip.
1477 355 1696 452 quapropter
1712 365 1783 426 eta
1806 353 1958 428 Platone
1981 381 2016 429 a.

357 455 475 526 Porta.
505 453 627 550 religio
657 476 781 521 verum
810 449 1029 548 reipublicae
1055 452 1332 531 fundamentum
1359 455 1610 526 constituitur:
1651 479 1734 524 cum
1769 453 1834 524 bac
1877 457 2019 528 sublata

358 557 469 626 simul
500 579 642 652 quoque
669 551 755 622 fnles
779 565 886 646 etque
915 551 1066 623 humaui
1094 563 1232 652 generis
1258 555 1406 626 societas
1433 553 1510 622 tolli
1539 555 1717 624 videatur.
1746 553 1872 652 Neque
1913 559 2016 630 enim

358 657 436 726 siue
462 656 626 756 justitia,
649 665 774 748 utpote
801 675 892 748 quae
918 650 1029 724 altera
1051 663 1148 751 regui
1177 657 1284 745 basis,
1312 679 1383 750 qua
1410 657 1502 747 regis
1528 653 1680 726 thronus
1706 653 1894 738 stabilitur
1906 681 2019 754 prov.

363 757 420 828 16.
437 782 468 828 v.
487 779 547 826 aa.
566 753 716 824 dicitur:
744 765 780 822 et
810 773 853 820 ex
880 774 948 846 qua
978 756 1078 852 juxta
1107 758 1200 833 illud
1222 755 1404 829 Ciceronis
1429 752 1491 826 lib.
1519 777 1546 826 ι.
1565 752 1611 824 de
1630 767 1761 826 natur.
1786 755 1887 826 deor.
1900 759 2019 829 omnis

357 861 508 928 omnino
533 849 753 950 reipublicae
778 850 959 948 dependet
986 852 1154 931 felicitas:
1183 885 1268 932 irum
1291 860 1369 925 aine
1396 853 1463 924 liae
1491 854 1583 924 uihil
1612 857 1651 925 in
1680 853 1833 950 Imperii
1860 855 2016 928 admini-

357 957 532 1028 stratione
557 951 737 1023 laudabile
762 951 958 1039 efficiatur,
984 956 1084 1024 idem
1108 959 1170 1031 lib.
1198 963 1229 1032 3.
1258 959 1304 1028 de
1329 953 1423 1058 offic.
1453 955 1654 1050 imperium
1689 978 1885 1050 perennare
1910 968 2020 1055 atque

356 1055 547 1128 subsistere
574 1065 699 1150 potest.
728 1073 858 1123 recess·
885 1054 1015 1144 imper.
1042 1057 1089 1126 dc
1114 1084 1211 1130 aurio
1246 1057 1347 1130 1603.
1374 1054 1410 1144 S.
1444 1053 1531 1128 Wie
1559 1051 1655 1124 lauch
1675 1053 1757 1123 und
1782 1055 1857 1124 ciri
1873 1055 1944 1126 den
1970 1079 2019 1126 an

356 1153 666 1254 gleichmcssigcr
689 1167 762 1223 etc·
788 1149 866 1224 Imo
891 1175 1094 1251 numquam
1120 1160 1192 1230 [lue
1219 1159 1314 1230 hisce
1341 1153 1482 1252 aliquid
1510 1149 1699 1226 commode
1724 1157 1800 1249 geri
1827 1157 1959 1250 poterit
1977 1157 2014 1226 iu

358 1255 558 1352 republica,
583 1251 761 1351 siquidem
789 1253 919 1324 exinde
947 1256 1022 1350 ipso
1050 1255 1184 1330 fatente
1210 1261 1428 1354 imperatore
1452 1253 1660 1325 Justiniauo
1686 1256 1727 1322 in
1747 1257 1912 1349 princip.
1937 1277 2019 1326 nov.

364 1358 442 1449 164.
468 1369 504 1426 et
526 1367 620 1424 recte
648 1377 814 1448 regnare,
839 1366 874 1424 et
899 1353 1061 1426 subditos
1086 1360 1130 1432 ad
1157 1358 1471 1441 benevolentiam,
1496 1377 1562 1424 nec
1590 1375 1661 1423 non
1687 1352 1733 1423 ad
1761 1377 1948 1426 sesumam
1968 1355 2011 1427 li-

356 1470 413 1528 cet
431 1453 610 1527 attrahere
634 1453 871 1522 devotionem.
900 1456 1127 1555 Quapropter
1153 1458 1429 1556 gloriosissimus
1457 1453 1517 1524 ille
1544 1454 1748 1548 Imperator
1779 1451 1918 1526 ibidem
1945 1477 2012 1524 ex·

356 1557 509 1628 clamat:
535 1553 630 1652 quod
658 1553 732 1622 Deo
757 1555 867 1624 simul
894 1569 930 1623 et
964 1558 1100 1654 justitia
1135 1559 1235 1630 nihil
1264 1561 1378 1655 naajus
1416 1555 1564 1626 existat!
1599 1554 1698 1644 Quae
1730 1549 1822 1622 duae
1862 1554 2015 1624 virtutes

358 1681 459 1744 vero,
485 1655 651 1752 quamvis
678 1653 772 1722 inter
796 1677 833 1722 se
858 1655 1127 1752 quodaminodo
1152 1659 1313 1731 diversae
1334 1657 1427 1742 sint,
1459 1677 1541 1724 com
1576 1650 1639 1722 illa
1667 1649 1831 1722 debitum
1858 1651 1952 1741 Deo,
1979 1669 2019 1724 ut

357 1758 476 1854 primo
502 1751 697 1851 principio,
722 1754 777 1824 cui
804 1753 952 1851 aequale
979 1757 1124 1854 rependi
1152 1783 1220 1828 nisa
1253 1753 1502 1852 potest,haec
1528 1774 1608 1824 vcro
1636 1751 1808 1824 debitum
1838 1755 2018 1850 proximo,

356 1859 412 1928 cui
440 1851 586 1948 aequale
615 1850 760 1948 rependi
789 1867 923 1946 potest,
950 1871 1103 1950 spectet:
1133 1863 1182 1926 uti
1211 1855 1353 1926 disserit
1383 1852 1528 1922 hessius
1553 1854 1594 1920 in
1620 1853 1712 1946 eleg.
1740 1865 1861 1924 tract.
1887 1853 1934 1926 ds
1952 1860 2021 1948 ju·

357 1961 435 2025 stit.
461 1967 499 2022 et
521 1956 597 2040 sur.
625 1950 687 2022 tib.
717 1975 749 2018 2.
775 1973 856 2045 cap,
890 1974 917 2020 t.
947 1952 1068 2027 dubit.
1103 1977 1131 2023 r.
1159 1979 1194 2026 n.
1228 1981 1259 2026 a.
1289 1959 1337 2023 ita
1367 1964 1492 2022 tanuen
1521 1963 1607 2021 sunt
1634 1951 1847 2048 corrjuuctae
1863 1966 1899 2022 et
1915 1953 2020 2050 quasi

357 2065 627 2135 concatenatae,
655 2061 694 2119 ut
721 2073 789 2120 una
816 2058 894 2120 sine
919 2049 1066 2122 alterius
1093 2053 1251 2124 subsidio
1281 2057 1399 2146 vigere
1417 2067 1523 2146 atque
1541 2049 1731 2121 subsistere
1746 2065 1911 2148 nequeat.
1936 2052 2012 2124 Ubi

266 2239 270 2248 ι
360 2156 459 2224 enim
470 2149 569 2221 nulla
583 2148 774 2228 fidesnulla
787 2147 956 2244 religioiu
969 2149 1160 2236 hominum
1172 2131 1509 2240 enimislraeret,ibi
1523 2173 1676 2249 prosana
1687 2156 1929 2224 rationemera
1949 2165 2023 2224 stat

360 2251 547 2324 voluntas:
565 2247 687 2348 ibique
713 2272 822 2320 omrre
848 2249 908 2339 id,
934 2251 1029 2348 quod
1056 2250 1167 2342 libet,
1191 2258 1267 2328 sive
1304 2276 1479 2348 aequum,
1518 2255 1598 2322 sive
1625 2252 1796 2348 iniquom
1834 2257 2021 2351 citatque

358 2352 542 2438 videatur,
567 2352 645 2420 sine
670 2349 787 2422 taedio
815 2374 878 2445 pro
906 2350 1003 2423 licito
1030 2351 1186 2426 habetur
1213 2371 1321 2452 atque
1349 2353 1540 2449 peragitur.
1572 2345 1735 2446 Ideoque
1762 2349 1822 2423 ubi
1851 2352 1939 2425 fides
1957 2351 2022 2424 ab·

281 2541 286 2548 ⁶
360 2465 413 2523 est
432 2451 607 2550 justitiae,
635 2463 756 2545 utpote
781 2474 872 2547 quae
889 2474 993 2523 suum
1020 2453 1260 2550 aequabiliter
1286 2459 1416 2549 cuique
1443 2449 1592 2536 tribuit,
1624 2473 1743 2545 neque
1773 2457 1915 2548 appetit
1928 2451 2021 2524 alie-

358 2577 422 2623 na:
449 2574 529 2620 nov.
562 2549 639 2620 163.
667 2553 708 2617 in
729 2553 893 2646 princip.
924 2549 1019 2621 locus
1044 2577 1119 2622 esse
1145 2556 1286 2651 nequit,
1314 2573 1345 2623 c.
1376 2577 1430 2650 ²9·
1458 2549 1521 2620 uti
1548 2573 1642 2618 sana
1657 2549 1764 2639 fides
1789 2569 1827 2620 et
1854 2573 1886 2622 c.
1913 2575 2019 2623 cous.

360 2653 502 2750 acl-qu.
535 2672 563 2720 t.
595 2649 641 2718 Et
669 2649 746 2718 vice
773 2673 894 2719 versa:
916 2651 974 2720 uhi
1004 2653 1141 2750 justitia
1171 2667 1399 2740 removetur,
1430 2649 1476 2719 ibi
1515 2649 1645 2746 injuria
1681 2651 1798 2744 viget,
1833 2667 1869 2718 et
1904 2676 2016 2746 regua

359 2751 451 2824 nihil
479 2747 577 2822 aliud
602 2760 686 2820 sunt
712 2773 823 2845 quam
852 2774 948 2820 mera
977 2748 1176 2825 latrocinia.
1205 2753 1301 2826 Dum
1331 2777 1413 2823 vero
1439 2746 1594 2845 quilibet
1620 2747 1677 2837 id,
1703 2747 1800 2846 quod
1826 2749 2017 2839 ubilibet,

359 2849 503 2922 licitum
521 2873 594 2920 esse
621 2861 739 2944 putat,
766 2860 876 2943 atque
903 2849 1052 2944 impone
1077 2856 1260 2947 sequitur,
1287 2851 1390 2923 facile
1418 2849 1503 2922 fides
1520 2851 1723 2936 evanescit,
1749 2862 1858 2947 atque
1884 2849 2016 2946 religio

358 2964 420 3020 aut
447 2947 553 3048 plane
576 2949 771 3030 evertitur,
797 2961 859 3016 aut
885 2947 928 3016 cd
949 2951 1147 3023 minimum
1166 2952 1311 3022 exulare
1328 2950 1481 3045 cogitur.
1508 2945 1585 3019 Ubi
1614 2971 1694 3019 vero
1714 2952 1851 3048 justitia
1871 2973 2016 3020 exerce·

359 3063 438 3137 tur„
464 3047 515 3118 ibi
542 3057 577 3116 et
605 3045 726 3140 religio
751 3050 878 3115 crescit
904 3059 1012 3142 atque
1038 3045 1205 3122 florescit.
1233 3052 1460 3148 Magistratus
1485 3050 1605 3133 euim,
1629 3047 1666 3116 iu
1693 3052 1793 3149 cujus
1823 3063 1944 3120 mente
1960 3055 2017 3149 ju·

293 3235 295 3240 ,
358 3150 455 3220 stitia
482 3147 632 3234 residet,
660 3145 744 3216 boui
770 3159 806 3215 et
832 3147 935 3242 aequi
965 3149 1134 3220 rtotitiam
1162 3167 1304 3222 strenue
1330 3149 1535 3248 profitetur,
1561 3171 1717 3242 aequum
1745 3147 1791 3219 ab
1817 3149 1945 3246 iniquo
1962 3175 2018 3219 se-

357 3247 668 3350 parans,licitum
695 3245 741 3317 ab
766 3243 896 3316 illicito
917 3245 1145 3339 discernens,
1170 3251 1279 3323 bonos
1306 3274 1378 3322 nou
1405 3247 1521 3316 solum
1560 3261 1659 3317 metu
1698 3271 1916 3345 poenarum,
1951 3251 2018 3320 sed

359 3351 601 3446 praemiorum
621 3371 769 3443 >quoque
794 3343 1044 3418 exhortatione
1069 3348 1209 3422 efficere
1234 3353 1409 3449 cupieos:
1436 3349 1488 3416 uti
1516 3343 1650 3418 dicitur
1678 3347 1720 3417 in
1744 3351 1769 3418 l.
1798 3371 1825 3417 ι.
1854 3351 1887 3440 §.
1920 3371 1949 3416 1.
1962 3347 2019 3446 ffi

360 3449 406 3520 de
417 3455 547 3545 justit.
574 3459 610 3516 ct
630 3454 711 3546 jur.
740 3457 845 3541 atque
872 3449 943 3532 sic,
970 3446 1060 3540 dum
1088 3449 1297 3523 hominesa
1336 3447 1475 3520 malitia
1511 3443 1704 3532 abstrahit,
1737 3447 1781 3519 ad
1821 3446 2019 3518 observan-

327 3609 331 3618 .
358 3551 450 3619 tiam
475 3561 512 3618 et
535 3546 749 3616 charitatem
776 3546 848 3616 Deo
873 3559 980 3641 atque
1007 3551 1172 3644 proximo
1197 3549 1359 3621 debitam
1386 3545 1500 3642 adigit
1526 3557 1635 3640 etque
1663 3545 1805 3618 invitat.
1835 3547 1890 3616 Ex
1918 3547 2018 3620 hisce

358 3649 470 3743 igitur
494 3659 660 3744 apparet,
687 3643 804 3740 qualis
830 3663 1038 3741 quantaque
1066 3649 1194 3719 irarum
1225 3651 1401 3718 virtutum
1429 3651 1476 3713 sit
1505 3647 1661 3716 interae
1694 3649 1868 3716 corrrrexio
1905 3663 2018 3743 atque

358 3749 576 3846 conjunctio,
601 3757 637 3812 et
664 3743 757 3840 quod
786 3741 848 3813 illa
876 3743 980 3841 hujus
1008 3752 1144 3836 nutrix,
1172 3749 1256 3818 haec
1286 3773 1368 3816 vero
1397 3745 1492 3814 ilhus
1522 3748 1634 3812 tutrix
1670 3758 1777 3840 atque
1811 3770 2014 3843 propagna-

359 3843 483 3917 culum
510 3847 576 3933 sit,
602 3857 710 3941 atque
739 3844 867 3912 merito
893 3841 965 3913 dici
993 3861 1186 3918 mercatur.
1214 3849 1306 3937 Quia
1336 3869 1418 3916 vero
1446 3857 1545 3912 tanta
1569 3843 1673 3944 hujus
1690 3844 2018 3914 excellentissimae

361 3945 527 4034 virtutis,
555 3946 606 4015 uti
633 3970 650 4014 a
678 3941 791 4012 Cicer:
818 3939 879 4012 tit.
912 3964 940 4014 t.
967 3943 1013 4014 dc
1039 3959 1114 4016 nat.
1141 3947 1257 4018 Deor.
1287 3949 1478 4027 vocitatur,
1506 3957 1542 4010 et
1561 3943 1889 4039 praestantia‚ideo
1908 3959 1943 4015 et
1961 3944 2019 4016 illi

362 4069 493 4116 nomen
521 4043 798 4143 perfectissimae
823 4042 988 4113 omnium
1016 4051 1148 4118 merito
1175 4051 1353 4117 virtutum
1380 4041 1576 4114 addicitur:
1604 4067 1840 4120 comumnes
1857 4042 2019 4140 reliquae

357 4147 526 4236 virtutes,
554 4146 620 4214 nisi
659 4144 793 4242 justitia
829 4157 1048 4237 temperatae
1077 4149 1169 4234 siut,
1202 4169 1267 4216 nec
1302 4169 1452 4230 laomen,
1485 4165 1550 4213 nec
1584 4141 1743 4225 officium
1782 4167 1886 4212 suum
1924 4149 2015 4214 tueri

361 4261 508 4341 queant.
537 4245 703 4340 noodr).
730 4246 770 4312 in
783 4245 945 4340 princip.
972 4243 1045 4314 vid.
1071 4258 1109 4316 et
1135 4249 1282 4318 Aristot.
1311 4244 1343 4316 5.
1370 4241 1481 4314 ethic.
1510 4265 1540 4314 c.
1583 4265 1613 4311 ι.
1648 4249 1750 4315 circu
1772 4240 2019 4333 stn.etinter

360 4347 662 4444 praestantissima
681 4345 776 4414 inter
802 4343 965 4413 homiues
992 4341 1083 4414 bona
1113 4345 1287 4431 refertur,
1314 4347 1411 4444 juxta
1440 4367 1521 4413 noir.
1549 4341 1627 4414 163.
1655 4347 1870 4440 inprincip.
1897 4359 1934 4412 et
1960 4365 2019 4414 re-

362 4467 452 4516 cess.
476 4451 605 4538 imper.
635 4443 681 4512 dc
706 4465 804 4511 auno
837 4441 940 4540 1567.
965 4441 1001 4530 §-
1033 4441 1198 4520 Wievvol
1224 4447 1301 4516 wir
1333 4467 1412 4514 nna
1448 4439 1545 4514 euch
1579 4440 1725 4516 sotcter
1759 4455 1831 4512 etc.
1869 4441 2017 4535 infine.

360 4543 454 4616 Cum
483 4545 646 4614 ominium
667 4539 1018 4636 rerumpublicarum
1036 4545 1084 4614 sit
1101 4545 1366 4616 conservatrix:
1392 4543 1453 4616 dn.
1472 4541 1570 4612 Eitel
1598 4540 1734 4614 Friedr.
1760 4565 1830 4613 von
1848 4541 2019 4615 Heerden

362 4647 402 4712 in
424 4645 493 4714 der
509 4639 721 4737 Crundfcst
748 4641 813 4710 des
841 4639 945 4710 Rom.
972 4640 1111 4714 Reicies
1132 4669 1170 4739 p.
1199 4645 1232 4718 3.
1259 4666 1339 4742 cap.
1368 4643 1402 4716 5.
1429 4640 1580 4714 Nullum
1605 4643 1705 4712 enim
1725 4645 1918 4740 imperium
1937 4647 2021 4714 siue

363 4742 518 4841 justitiae
544 4740 862 4813 administratione
889 4741 926 4811 in
948 4754 1046 4834 statu
1074 4745 1222 4840 pacifico
1240 4743 1489 4816 conservabile
1505 4755 1570 4812 est.
1587 4763 1718 4814 recess.
1737 4745 1865 4839 imper.
1885 4747 2019 4815 noviss

363 4841 652 4932 dcann0165i.
688 4843 727 4911 in
755 4863 893 4936 preem.
920 4863 1009 4912 vers.
1046 4839 1099 4914 Et
1125 4869 1189 4916 nos
1212 4843 1258 4918 ab
1284 4847 1395 4914 initio
1420 4857 1488 4915 etc.
1521 4847 1747 4941 Quapropter
1778 4838 1872 4912 bono
1906 4845 2021 4939 mugi.

365 4943 494 5014 stratui
514 4943 673 5014 maxime
698 4941 794 5012 cordi
822 4964 893 5013 esse
920 4942 1021 5028 solet,
1040 4957 1079 5014 ut
1097 4945 1181 5016 haec
1209 4957 1303 5018 recte
1328 4941 1600 5015 administretur
1625 4956 1732 5040 atque
1758 4939 2018 5032 distribuatnr;

364 5043 511 5114 atinde
529 5043 837 5144 jurisprudentia
864 5057 983 5114 nostra
1011 5055 1088 5117 orta
1116 5059 1181 5116 est.
1207 5046 1302 5117 Cum
1330 5047 1452 5142 itaque
1478 5046 1598 5116 omnis
1616 5041 1720 5142 hujus
1745 5039 1855 5114 studii
1882 5054 1919 5112 et
1939 5049 2015 5114 veri

364 5141 456 5233 teti,
483 5151 543 5242 qui
571 5159 607 5216 et
635 5149 713 5218 ideo
739 5143 901 5215 sacerdos
927 5143 1087 5243 justitiae
1111 5147 1247 5216 dicitur
1273 5149 1298 5214 l.
1331 5167 1361 5213 1.
1388 5149 1420 5238 §.
1454 5166 1485 5213 ι.
1498 5141 1559 5244 ff.
1585 5143 1631 5215 de
1664 5145 1736 5212 'ast
1766 5141 1897 5241 ctjnr.
1920 5145 2020 5240 priu-

365 5244 488 5340 cipalis
514 5245 596 5316 finis
625 5261 661 5317 et
688 5268 812 5344 scopus
837 5245 906 5330 sit,
934 5257 1133 5341 atqueesse
1158 5245 1285 5316 debeat
1313 5247 1418 5343 hujus
1447 5245 1594 5316 virtutis
1620 5167 1909 5314 administratio:
1934 5269 2016 5338 erg.

366 5341 402 5411 d.
435 5347 460 5412 l.
503 5345 589 5436 ¹·l6·
619 5369 646 5415 1.
677 5345 773 5417 verb.
804 5347 997 5441 justitium
1041 5367 1200 5442 namque
1235 5347 1389 5418 colimus
1422 5356 1459 5416 et
1487 5368 1520 5418 c.
1556 5348 1582 5417 l.
1620 5343 1654 5414 6.
1687 5343 1722 5432 S.
1755 5341 1895 5415 acero.
1919 5341 2018 5416 nibil

366 5445 406 5511 in
418 5441 580 5530 judiciis
598 5467 709 5543 quum
723 5444 1075 5538 justitiariatus
1094 5449 1276 5544 appellat.
1304 5467 1382 5516 nov.
1419 5447 1474 5538 30,
1498 5467 1528 5518 c.
1559 5469 1594 5540 9.
1620 5443 1657 5533 S.
1682 5465 1711 5512 t.
1728 5457 1767 5514 et
1783 5467 1863 5515 nov.
1896 5444 1957 5540 69.
1975 5447 2018 5514 in

358 5537 527 5642 praefat.
548 5543 632 5616 Ideo
649 5547 859 5643 praecariis
886 5567 951 5614 nec
977 5541 1068 5614 levis
1086 5551 1276 5635 momenti,
1300 5569 1394 5644 quae
1422 5570 1493 5618 sese
1520 5545 1610 5617 mihi
1639 5541 1813 5633 obtulere,
1850 5545 2013 5618 materiis

363 5646 459 5718 hauc
484 5643 524 5715 iu
541 5646 702 5746 injuncta
728 5643 817 5718 mihi
844 5668 912 5740 pro
937 5667 1080 5716 summo
1106 5645 1143 5717 iu
1170 5649 1250 5748 jure
1276 5647 1388 5728 sradu
1413 5647 1655 5749 disputatione
1688 5645 1840 5718 solemni
1874 5659 2015 5746 pertra-

2192 179 2197 270 l
