4456 6208
343 212 398 266 28³
913 197 1101 253 ntst’ttrtr.
1119 197 1153 250 X.
1170 193 1294 248 CAPUT.
1312 194 1348 246 ll.
1875 184 1926 236 tet

289 309 334 382 qui
353 323 407 362 που
426 313 527 359 „mum
545 309 574 356 αι
592 317 642 356 ,οχ
656 299 684 350 ιη
702 295 791 351 bmrte
806 291 936 364 judiciem
956 307 997 346 eae
1018 296 1112 358 joenn-
1165 291 1223 342 dena
1242 288 1355 341 oolouse
1373 286 1446 340 inter·
1465 303 1495 338 se
1506 285 1622 356 junctos
1639 282 1719 336 aedes.
1741 281 1841 336 cotum
1855 283 1930 337 enin
1943 281 1983 338 di·

292 395 384 448 dorum
402 409 434 444 ac
454 387 589 449 tristium,
605 401 694 436 serum
713 383 790 435 etiam
810 381 937 445 iustorum
956 395 987 430 ae
1005 377 1115 442 injusto·
1164 369 1248 423 tereti
1260 389 1294 423 oe
1306 369 1418 432 diuersi,
1432 369 1550 437 utifins
1563 368 1603 422 nri
1619 384 1743 430 campus,
1755 364 1797 418 eti
1812 382 1907 418 neotus
1921 367 1983 432 pln-

292 492 366 540 rum,
384 489 498 547 qnorum
519 468 723 522 communicatio
740 463 835 518 nullibi
862 456 921 514 lieri
941 469 1044 531 potest,
1063 458 1116 511 nisi
1166 451 1423 520 eatuparitimodo
1449 451 1573 506 Tencteri
1587 451 1719 505 Ubiorum
1737 449 1987 518 &noviomorum-

293 561 323 615 iu
341 561 468 614 societate
486 553 609 626 politica,
628 551 740 620 ideoque
758 547 810 601 nisi
829 543 861 598 ad
881 545 949 596 banc
968 553 1059 594 oatora
1076 558 1117 592 eo·
1169 535 1291 596 brontea,
1305 537 1335 587 ιιι
1353 537 1421 591 deoc
1433 545 1577 602 mumpnnt
1594 533 1693 586 uerbo:
1711 543 1741 586 ut
1756 531 1989 596 omioitiu‚eoeie·
2035 575 2038 580 .

295 647 386 703 leiaset
409 645 544 698 bominem
569 639 739 699 ordinatum,
763 631 862 686 trustra
887 642 912 685 et
936 627 1119 699 impendentes
1169 629 1264 689 tueque
1274 631 1369 674 nostro
1382 619 1410 672 in
1422 631 1564 672 oeternum
1576 629 1639 672 rato
1650 619 1902 684 componeremus
1916 639 1932 670 o
1946 637 1990 672 uo·

296 729 351 801 ipsi
371 725 505 780 tribuisset
525 739 601 776 usum
621 716 768 782 sermonis,
781 731 813 768 ex
831 733 883 784 quo
902 710 1121 780 irrefragabiliter
1170 703 1211 755 die
1227 721 1319 756 marna
1335 705 1474 769 coloniae,
1493 704 1663 756 munimento
1685 701 1799 765 servitii,
1821 701 1988 769 detrudatis,

299 813 435 884 seqnitur,
453 809 587 861 civitatem
608 821 659 856 uon
679 819 711 854 ea
730 799 877 862 accidenti,
893 795 937 850 sed
957 797 990 848 ab
1007 797 1066 864 ipsa
1081 811 1123 844 na·
1171 786 1322 855 etr'nmsera
1335 786 1510 848 animalium
1518 787 1605 840 chora
1615 797 1705 839 teneas
1717 785 1821 839 virturis
1832 787 1989 846 odlr'oircnn·

299 909 358 952 tura
385 893 535 948 institutam
563 906 636 951 esse,
652 885 721 955 quod
746 886 830 936 etiam
857 875 997 934 confirmet
1021 877 1077 931 cie.
1098 878 1122 925 t.
1172 877 1235 919 tur:
1252 869 1819 940 liceoeuodlenobisquentromquerrpom
1836 872 1990 936 colere,uti

297 977 374 1052 qma·
393 977 497 1031 dim„
516 983 634 1028 murm
654 971 679 1022 ,ᾗ
699 969 811 1022 “pionis
829 965 964 1018 hommem
983 963 1124 1014 concilim
1171 951 1238 1002 olim
1255 951 1403 1020 majoribus
1422 954 1535 1007 nostris:
1555 955 1693 1025 quomodo
1718 955 1805 1008 lucent
1831 969 1986 1025 uocumque

300 1062 405 1118 bomini
418 1060 450 1113 ,a
464 1059 529 1118 ,1120
546 1057 698 1110 societatem
718 1065 745 1107 et
764 1051 901 1121 impellere
919 1065 963 1100 eos
981 1047 1014 1099 ed
1034 1057 1123 1099 coetu,
1172 1036 1298 1088 erunibus
1321 1036 1489 1104 lectricibus,
1513 1041 1552 1092 ita
1576 1054 1670 1094 omnes
1687 1049 1776 1092 terror
1797 1041 1856 1095 uiris
1866 1041 1990 1110 J'ortibas

301 1145 471 1204 celebrandos
490 1143 620 1214 urbesque
637 1140 802 1204 condendas,
820 1138 849 1190 itt
873 1133 969 1206 quidm
986 1131 1124 1186 wmmffl‘
1173 1135 1272 1174 ''m'‘
1285 1125 1391 1189 ‘'P‘'“i'
1404 1123 1486 1176 Μ’*
1499 1122 1518 1177 ¹·
1529 1124 1553 1176 ⁴·
1565 1123 1626 1176 '¹5⁸¹'

299 1248 448 1288 sermonem
466 1241 492 1283 et
508 1231 574 1282 alios
600 1229 668 1281 ritae
686 1236 756 1278 aetus
783 1223 978 1276 communicare
1004 1218 1078 1269 iuter
1098 1232 1124 1268 se
1209 1210 1230 1266 i·
1249 1202 1275 1255 ⁴·
1300 1210 1332 1262 lu
1360 1209 1512 1262 Pomeranie
1538 1208 1659 1261 vandalos
1683 1225 1761 1261 um
1780 1217 1858 1278 Ιῑιῦθ
1883 1211 1992 1266 alterum

300 1326 428 1390 P⁰⁸⁵⁰⁰¹²
455 1323 483 1366 et
504 1313 596 1366 eodem
620 1311 692 1363 mm
721 1308 809 1362 piei„
835 1306 962 1357 bunum
989 1299 1123 1353 „dmm
1174 1288 1296 1346 babuisse
1313 1293 1606 1356 cirilatem,otietiam
1625 1293 1654 1344 iu
1673 1291 1767 1344 ducatu
1787 1296 1990 1362 snegapulilauo,

300 1401 432 1455 vinculum
452 1383 1122 1461 mmm,on,30.qu„,1m„,1,‚‚,rimmt0‚
1175 1373 1495 1430 indeadbucltodiedie
1516 1377 1607 1429 rieden
1641 1375 1793 1432 mambote
1815 1379 1940 1442 Stoedte,
1961 1381 1991 1434 iu

301 1473 538 1545 communicando,
557 1475 746 1546 disceptando,
765 1470 908 1544 judicando
935 1468 1060 1522 conciliat
1079 1469 1122 1519 bo·
1175 1459 1261 1512 Frisia
1280 1480 1374 1527 unam,
1391 1481 1456 1532 quae
1476 1461 1617 1514 vocabatur
1639 1461 1779 1532 Stctr'grad
1800 1463 1877 1516 bodie
1898 1466 1995 1518 Olden-

303 1571 391 1620 ΜΕ,
409 1568 480 1619 pm,
498 1582 540 1625 se,
561 1562 747 1631 oenjungipque
774 1557 886 1610 mun-211
910 1553 1020 1623 qmdm
1041 1553 1121 1604 epeia.
1176 1546 1257 1616 burg,
1278 1547 1370 1601 Krane
1387 1547 1416 1600 in
1429 1547 1520 1617 praefi
1531 1547 1782 1602 rabamonte
1801 1552 1930 1619 superiori
1949 1569 1995 1607 seu

304 1661 366 1705 rate.
384 1652 588 1717 Hane,nempe
607 1643 828 1708 remotam,duco
846 1635 1124 1692 iuiaseoeeessitatem
1177 1635 1264 1700 prima
1289 1633 1437 1686 Germanis
1467 1649 1528 1686 sero
1559 1632 1681 1684 extitisse
1703 1633 1827 1702 quidem,
1845 1635 1891 1686 sed
1917 1640 1994 1692 etiam

302 1748 325 1791 el
344 1733 531 1802 indigentiam,
544 1734 643 1800 quippe
659 1741 796 1781 cresconio
815 1724 954 1777 bominum
974 1719 1124 1773 multitudi-
1177 1717 1249 1784 parri
1268 1735 1393 1782 numero,
1411 1733 1521 1786 quarum
1539 1715 1670 1784 originem
1684 1715 1809 1770 Tuisooni
1825 1721 1931 1789 ejusque
1950 1741 1996 1792 po·

303 1837 338 1873 ne
364 1815 498 1870 crescebat
522 1815 626 1883 etipsa
653 1829 742 1864 rerum
767 1807 929 1878 indigentia,
947 1804 1127 1874 requirebatur
1176 1801 1254 1852 eteris
1270 1801 1436 1853 adscribunt.
1455 1801 1594 1869 Postquam
1613 1801 1685 1853 enim
1701 1799 1795 1853 Tuiteo
1805 1797 1879 1855 filius
1902 1805 1995 1858 Maroni

308 1920 389 1972 ago,
405 1910 433 1952 ur
451 1899 574 1950 homiues
591 1895 779 1958 convenirent,
790 1904 818 1945 ot
836 1894 873 1945 ita
891 1905 957 1942 uuus
976 1907 1023 1941 suo
1041 1887 1128 1939 labore
1179 1899 1224 1936 rex
1237 1883 1397 1936 Tuiscnuom
1414 1887 1561 1948 secundus,
1576 1884 1645 1952 patri
1658 1902 1726 1936 anno
1743 1899 1802 1938 ante
1820 1887 1942 1940 Christus
1953 1909 1998 1941 na·

304 1999 329 2041 „p
348 1999 404 2040 ,ηρ
423 1983 531 2036 ,iterim
549 1981 698 2034 sublevarer
716 1977 1013 2046 indigentiam,earum
1033 1987 1128 2040 nempe
1180 1976 1233 2018 tum
1253 1968 1332 2018 2000.
1350 1969 1473 2019 successit
1495 1985 1563 2020 anuo
1581 1966 1608 2018 d.
1627 1966 1813 2021 Senriramidis
1832 1970 1998 2040 Assyriorum

301 2085 392 2124 :erum
410 2083 521 2136 quarum
541 2063 687 2130 indigebat.
1179 2052 1283 2120 reginae
1309 2061 1336 2104 et
1362 2052 1403 2103 15.
1428 2069 1499 2104 anno
1521 2055 1617 2102 aetatis
1644 2051 1788 2104 Abrabami
1812 2054 1912 2108 Manno
1930 2059 1998 2112 inter

343 2160 366 2216 ς.
385 2151 411 2202 2.
423 2149 464 2200 Ex
482 2147 531 2200 hac
548 2163 610 2213 ergo
627 2145 742 2198 coitione
760 2141 941 2196 introductum
958 2147 996 2192 eal
1011 2140 1054 2206 jos
1068 2153 1128 2206 gen·
1179 2136 1245 2189 alios
1263 2133 1336 2190 lilios
1354 2137 1434 2188 etiem
1455 2152 1522 2188 onus
1539 2134 1591 2190 luit
1608 2139 1714 2190 nomine
1732 2139 1827 2190 Treuir
1842 2140 1939 2210 (quem
1951 2143 1999 2197 alii

309 2237 468 2298 tium,usnt
488 2231 517 2282 in
538 2229 582 2283 tali
603 2211 740 2280 bominum
760 2225 910 2298 frequentia
922 2225 976 2278 orti
994 2233 1055 2276 suut
1067 2238 1128 2274 con·
1180 2219 1305 2272 Trebatae
1324 2215 1411 2271 lilium
1432 2217 1497 2270 Nini
1518 2229 1544 2272 et
1569 2217 1755 2272 Semiramidis
1779 2227 1932 2290 autument)
1953 2225 2001 2295 qui

310 2329 411 2374 tractus
429 2314 544 2385 (nempe
563 2312 657 2383 ii,qni
678 2323 739 2366 aunt
757 2313 774 2380 j.
792 2309 837 2380 p.)
855 2309 900 2380 qui
920 2319 1052 2378 tamquam
1071 2305 1132 2359 effe·
1179 2301 1257 2355 nrbes
1273 2301 1305 2354 ad
1321 2303 1431 2355 rhenum
1451 2311 1477 2353 et
1499 2303 1632 2355 mosellam
1651 2301 1803 2356 aedificasse
1816 2304 1915 2359 dicitur
1932 2308 1999 2364 Tre.

309 2414 366 2459 otus
384 2397 566 2454 consentionis
584 2398 621 2451 uti
639 2399 726 2467 ipsum
743 2396 924 2465 jusgeotinm.
943 2394 1000 2446 imo
1018 2411 1131 2446 eommu-
1180 2389 1262 2442 serim
1293 2406 1403 2458 nempe,
1429 2388 1616 2456 moguntiam,
1646 2390 1852 2456 Wormatiam,
1877 2392 1998 2461 spiram,

308 2489 351 2541 nis
370 2483 491 2536 delensio
509 2489 536 2535 et
549 2483 706 2551 injuriarum
727 2481 844 2550 repulsio
861 2479 964 2534 ridetur
980 2478 1059 2532 etiarn
1071 2495 1129 2531 sua·
1181 2472 1374 2542 druentium,
1393 2469 1543 2535 Βι’ὓθῑῑὶἱι
1561 2472 1666 2524 ΜΝ·
1686 2471 1760 2525 clm·
1778 2475 1796 2525 ¹·
1817 2477 1880 2542 ¹·tt·
1893 2480 1919 2530 ¹·
1931 2497 1998 2533 wll·

310 2572 374 2624 dere
391 2567 524 2631 ciuitates,
538 2565 705 2620 commodius
723 2564 822 2634 quippe
840 2558 905 2617 liant
922 2562 1042 2615 amultis
1053 2580 1130 2630 quam
1182 2557 1280 2610 suecis.
1299 2555 1391 2608 Lebm.
1409 2555 1504 2608 claron.
1515 2552 1580 2620 spir.
1597 2555 1657 2608 t.1.
1674 2573 1735 2625 cop·
1758 2555 1783 2610 l.
1801 2577 1867 2629 quae
1884 2562 1999 2631 paucitas

309 2675 323 2708 e
342 2653 447 2724 paucis,
465 2648 562 2703 deinde
580 2647 661 2700 etiam
679 2647 748 2716 quod
774 2644 894 2698 defensio
912 2645 949 2695 sit
967 2645 1033 2712 loris
1049 2643 1131 2696 Natu·
1181 2658 1227 2712 pet
1246 2640 1329 2693 mullo
1346 2640 1447 2694 duriti!
1468 2639 1562 2690 teet-1¹·

311 2755 364 2790 rae.
382 2736 401 2788 l.
415 2737 441 2787 ³.
453 2734 510 2805 ej.
527 2741 553 2785 et
565 2749 593 2804 Ι
605 2747 653 2784 neo
671 2728 800 2800 exemplis
814 2728 906 2781 eadem
921 2729 1032 2797 probare
1044 2729 1130 2791 deest,
1217 2725 1285 2792 55.
1302 2721 1369 2776 Nam
1399 2739 1458 2776 eum
1486 2739 1587 2776 intuma
1615 2739 1702 2775 rernm
1729 2724 1762 2776 ad
1782 2723 1895 2780 Feancos
1914 2729 1998 2784 delata

311 2819 355 2872 ubl
375 2817 497 2874 defensio
515 2832 617 2868 cattum
636 2824 662 2869 et
680 2814 812 2883 originem
831 2810 905 2861 dedit
923 2810 1076 2862 ciuitatibus
1088 2825 1132 2860 seu
1182 2821 1265 2871 esset,
1284 2807 1383 2861 multae
1400 2809 1486 2877 regine
1505 2823 1550 2858 seu
1572 2807 1689 2876 publicae
1714 2809 1804 2874 uillae,
1823 2828 1918 2881 nempe
1937 2815 1999 2868 Ilei.

311 2907 403 2974 potius
420 2897 605 2962 societatibus,
620 2899 694 2952 testis
714 2895 792 2948 nobis
811 2904 849 2948 est
868 2891 1050 2962 Norimberga.
1065 2891 1131 2945 Cum
1181 2894 1346 2964 edfiecden,
1364 2911 1416 2946 non
1436 2893 1554 2945 ciuitates
1574 2907 1664 2960 regum
1679 2893 1784 2961 palatiis
1802 2895 1998 2964 condecoratae,

311 2986 383 3038 enim
404 2994 457 3038 tota
475 2981 559 3036 ferme
576 2981 722 3034 Germania
736 2982 896 3033 Hunnorum
915 2977 1072 3032 truculentis
1090 2975 1132 3030 de·
1182 2977 1373 3046 celebratisque
1393 2973 1462 3028 inibi
1482 2975 1603 3026 comitiis
1620 2976 1647 3027 ia
1667 2975 1749 3044 pratis
1776 2986 1804 3030 et
1820 2980 1922 3047 campis
1942 2991 1999 3035 ten·

314 3072 457 3124 incitaretur
477 3068 576 3133 armis,
591 3065 687 3120 narisci
699 3075 729 3118 ut
745 3075 829 3118 essent
840 3065 887 3118 tuti
905 3073 983 3132 etque
1001 3062 1132 3114 immunes
1180 3062 1256 3116 toriis
1274 3061 1382 3130 iusuper
1401 3066 1498 3112 aestate
1515 3061 1611 3114 erectis
1639 3059 1752 3114 celebres
1776 3063 1921 3118 extiterunt
1939 3065 2000 3120 ilre-

314 3158 347 3211 ab
374 3155 491 3225 ipsorum
518 3150 677 3223 tyrannide,
704 3149 792 3221 primo
814 3158 1002 3202 exstruxerunt
1024 3165 1133 3210 arcem,
1183 3146 1239 3199 ber.
1256 3144 1407 3202 innoned
1426 3145 1491 3198 Pete.
1510 3145 1536 3197 d.
1558 3145 1651 3198 dndlo.
1669 3147 1695 3198 d.
1708 3164 1776 3200 roms
1787 3147 1879 3214 imper.
1897 3151 1915 3202 l.
1935 3154 1995 3206 le.

312 3251 445 3308 tamqnam
460 3237 623 3290 tutissimum
636 3235 845 3303 receptaculum,
861 3249 978 3286 successu
992 3250 1052 3286 seru
1063 3244 1128 3286 tem·
1184 3235 1226 3286 lli.
1239 3251 1267 3302 p.
1279 3231 1438 3284 tomeun.
1452 3231 1480 3284 in
1493 3231 1589 3284 cleon.
1601 3229 1664 3301 spir.
1678 3232 1696 3282 l.
1709 3233 1734 3284 6.
1755 3251 1777 3286 c.
1796 3232 1821 3285 l.
1840 3233 1926 3289 Limn.
1939 3239 2002 3312 inj.

311 3325 385 3398 poris
404 3331 491 3376 tantos
507 3319 646 3372 bominum
664 3318 802 3372 confluxus
821 3319 858 3370 ibi
879 3317 979 3384 laetus,
992 3327 1019 3370 ot
1040 3317 1067 3370 in
1084 3335 1131 3388 po·
1181 3333 1208 3384 ρ,
1222 3317 1239 3369 l.
1253 3319 1279 3370 ⁵1.
1290 3336 1313 3370 a.
1328 3318 1350 3371 l.
1364 3334 1391 3368 n.
1405 3317 1447 3368 38.
1462 3315 1498 3368 Ιιι
1517 3317 1544 3367 in
1565 3317 1653 3384 specie
1671 3317 1776 3370 Ulmam
1795 3334 1867 3372 suam
1886 3325 1998 3390 regelem

312 3409 429 3478 polosum
454 3403 604 3457 excreverit
631 3403 776 3456 civitatem·
803 3403 858 3458 rid.
882 3401 981 3455 Eobau.
1009 3404 1086 3455 fleas.
1103 3403 1133 3453 in
1182 3402 1272 3452 sillam
1292 3399 1470 3470 Kdnigliclren
1486 3399 1569 3453 Ftect
1587 3409 1659 3452 uocat
1678 3418 1700 3452 c.
1719 3421 1755 3455 nt.
1773 3420 1880 3472 eamque
1898 3407 1925 3458 in
1946 3428 2001 3462 ma·

311 3487 438 3558 descript.
457 3487 514 3558 baj.
533 3485 591 3542 urb.
612 3485 671 3537 Pari
693 3484 771 3537 modo
788 3501 861 3538 snam
881 3496 1033 3554 acceperunt
1049 3485 1131 3552 origi·
1182 3505 1231 3554 goe
1251 3487 1434 3540 aestimatione
1451 3483 1545 3536 bsbnit
1562 3483 1684 3538 Naucler.
1702 3484 1759 3537 vol.
1778 3485 1803 3537 2.
1819 3501 1942 3556 generet.
1955 3491 1998 3542 27.

311 3591 373 3626 nem
397 3575 542 3634 Venetiae,
569 3586 629 3620 narn
656 3568 805 3623 detestante
835 3568 934 3632 Attila,
965 3585 1018 3620 uon
1048 3568 1132 3620 sulum
1183 3573 1258 3622 Cras.
1275 3569 1592 3640 innernal.p.2.l.l.c.
1611 3568 1762 3621 ''dllaidee
1781 3569 1809 3624 in
1829 3574 1997 3643 apolopder

313 3655 505 3718 Germaniam,
520 3651 565 3704 sed
583 3653 663 3705 etiem
685 3663 765 3706 totam
786 3654 904 3714 ltaliam,
918 3663 1040 3722 regnante
1059 3653 1133 3706 Cleso
1183 3655 1377 3722 Reicds-Vrigte
1395 3671 1453 3724 cop.
1472 3655 1498 3704 b.
1517 3652 1577 3704 Pari
1599 3653 1676 3705 modo
1695 3653 1866 3725 Frormlrsurt
1884 3661 1998 3713 andla-

298 3735 531 3808 ,longobardorum
551 3753 627 3805 rege,
647 3755 661 3788 a
680 3753 701 3788 e.
715 3755 740 3788 n.
754 3735 813 3787 l20.
832 3739 856 3788 7.
869 3738 1035 3790 calendarum
1054 3735 1132 3808 Apri-
1179 3737 1293 3808 geldeim
1308 3737 1534 3790 uetere-uuerco
1548 3737 1693 3790 nominatos
1712 3737 1795 3792 inisse
1805 3743 1885 3794 tradit
1900 3744 1998 3813 Regino

312 3827 347 3876 lis
365 3821 452 3876 sencti
470 3820 539 3873 circo
555 3821 713 3873 adriaticum
733 3821 821 3872 sinum
841 3821 988 3874 habitantes
1005 3830 1029 3872 et
1049 3823 1129 3891 patri·
1182 3824 1199 3876 l.
1221 3823 1247 3872 2.
1265 3819 1360 3874 annal.
1369 3821 1506 3889 francor.
1528 3821 1621 3874 Simili
1642 3822 1718 3876 modo
1737 3825 1890 3879 Nortdusen
1910 3829 1998 3882 sillam

313 3906 349 3964 cii
366 3922 401 3958 ex
419 3904 538 3974 Aquileia
555 3922 586 3957 ao
605 3906 709 3958 Pataris
732 3905 760 3956 in
780 3905 888 3970 insulas,
912 3905 956 3956 nbi
980 3904 1059 3959 bodie
1081 3908 1130 3959 Vs·
1182 3908 1294 3975 regalem
1314 3903 1397 3956 inisse
1416 3915 1511 3956 constat
1531 3902 1624 3957 bebm.
1641 3907 1737 3957 cliron-
1755 3906 1820 3975 spir.
1838 3909 1856 3961 ἱ.
1875 3909 1936 3963 bc.
1954 3915 1998 3965 ill.

313 3990 397 4045 ostiae
415 3998 520 4052 extant,
538 4001 736 4054 concesseruut,
756 3988 846 4057 ibique
872 3989 959 4058 prima
979 3987 1053 4040 urbis
1073 3990 1130 4043 iun·
1183 3991 1271 4060 Dapp.
1287 3989 1319 4040 de
1338 3988 1407 4040 eicit.
1426 3988 1517 4055 imper.
1538 4005 1560 4039 c.
1581 3988 1607 4039 3.
1632 4006 1659 4040 m
1678 3989 1704 4042 2.
1724 3991 1822 4044 Verum
1844 3995 1999 4051 translatos

313 4074 436 4128 dementa
456 4089 581 4141 posuero,
596 4089 629 4124 ue
646 4071 766 4126 victricia
780 4073 935 4125 Hunnorum
948 4073 1077 4125 sentirent
1090 4091 1130 4126 ar·
1182 4074 1291 4126 Frartcis
1309 4072 1341 4128 ad
1360 4088 1471 4126 saxorias
1491 4071 1603 4138 imperio
1622 4071 1737 4125 civitates
1756 4071 1947 4144 frequentiores
1959 4099 1999 4133 ιι.

314 4174 371 4222 ma,
389 4155 494 4228 Caspar.
515 4153 622 4208 Contar.
639 4155 738 4224 patric.
759 4167 844 4209 cenet.
869 4156 901 4210 de
924 4153 1022 4225 republ.
1046 4167 1129 4212 venet.
1182 4155 1286 4212 dibcrri
1311 4165 1474 4227 coeperunt,
1494 4155 1624 4209 Beoricus
1649 4156 1721 4208 euim
1741 4173 1834 4227 suceps
1852 4161 1951 4230 oppido
1970 4165 2000 4217 in

314 4236 431 4292 Sieidam
444 4237 477 4292 rie
490 4248 609 4308 quotuor
618 4241 731 4290 summis
742 4238 870 4308 imperiis.
1181 4242 1325 4296 Germania
1346 4238 1488 4294 hincinde
1508 4239 1609 4294 noviter
1627 4239 1738 4294 eouders
1756 4251 1782 4293 et
1802 4245 1907 4298 munire
1926 4246 1997 4301 ince·

349 4326 371 4384 ς.
391 4321 414 4372 t.
434 4323 533 4374 Verum
551 4321 648 4389 positis
661 4321 734 4374 bisce
751 4320 993 4384 omnibus,rerum
1012 4317 1130 4378 firmum·
1183 4326 1239 4394 pit,
1260 4324 1385 4377 translato
1404 4339 1473 4374 nouo
1491 4340 1593 4392 quoqne
1617 4327 1672 4377 riro
1690 4341 1723 4378 ex
1740 4343 1803 4395 agro
1829 4337 1857 4382 et
1875 4330 1949 4399 pagis
1968 4331 1997 4384 iu

313 4419 364 4473 que
382 4413 486 4466 manet,
505 4419 608 4454 causam
636 4405 789 4473 primariam
814 4422 859 4458 seu
884 4405 1031 4474 proximam
1051 4405 1133 4463 inisse
1183 4408 1313 4478 praedicta
1331 4405 1447 4474 oppida,
1465 4408 1569 4460 tertium
1589 4425 1692 4477 qunqm
1711 4420 1810 4479 partem
1828 4411 1946 4464 omnium
1966 4412 1998 4465 il·

314 4485 431 4538 bominis
459 4487 602 4538 naturalem
629 4486 847 4550 inclinationem,
870 4489 1049 4540 secundariam
1072 4509 1132 4545 aero
1183 4495 1271 4546 lorum
1300 4491 1403 4560 trogum
1440 4491 1466 4542 in
1492 4491 1601 4544 aedibus
1627 4511 1641 4544 a
1668 4510 1695 4544 se
1721 4494 1846 4547 extructis
1868 4511 2001 4551 reservare

314 4585 358 4624 ssu
377 4577 506 4620 remotam
527 4567 609 4626 inisse
629 4569 803 4638 indigentiam
828 4585 857 4620 ac
882 4571 1076 4636 necessitatem,
1095 4586 1131 4628 ts·
1184 4579 1276 4646 jussit,
1296 4588 1323 4628 ot
1343 4576 1370 4626 in
1390 4575 1458 4628 bello
1483 4575 1552 4628 nibil
1579 4591 1666 4628 rerum
1693 4573 1833 4642 deficeret,
1851 4570 1940 4630 omnia
1959 4599 2000 4634 ra·

315 4655 364 4704 stis
384 4650 461 4702 nobis
479 4659 519 4702 est
538 4649 684 4720 Cartbag03
702 4653 773 4704 Just.
798 4651 817 4702 1.
838 4651 880 4704 ttt.
898 4668 922 4704 c·
942 4652 967 4703 li.
985 4652 1068 4721 ipsam
1086 4673 1132 4708 au·
1185 4660 1233 4712 bus
1259 4670 1285 4712 et
1310 4661 1376 4710 siris
1403 4659 1476 4727 plena
1504 4658 1625 4710 adessent
1643 4656 1803 4712 Witlobind
1830 4671 1852 4713 et
1872 4659 1998 4728 stgtbeer.

313 4749 367 4791 tem
386 4734 566 4787 defensionem
582 4733 665 4786 luisse
682 4753 784 4789 eausam
804 4751 852 4802 per
870 4735 1009 4802 accidens,
1024 4755 1068 4789 seu
1087 4758 1132 4809 po-
1182 4745 1275 4798 hieme
1294 4742 1342 4795 snb
1368 4759 1445 4796 anno
1464 4739 1527 4792 unt.
1547 4739 1642 4792 Lebm.
1658 4741 1752 4794 odron.
1768 4739 1832 4808 spir.
1850 4741 1868 4792 l.
1887 4742 1911 4793 ll.
1930 4761 1952 4797 c.
1973 4747 1997 4798 ι,

314 4821 367 4875 tius
386 4817 515 4873 effectum.
535 4820 678 4890 Quaeritur
697 4836 773 4888 ergo,
792 4837 844 4889 quo
858 4829 978 4888 tempore
995 4823 1133 4877 extiterint
1183 4827 1219 4881 uti
1239 4826 1378 4890 Goslaria,
1394 4842 1460 4894 qnae
1479 4842 1522 4876 sua
1548 4826 1680 4895 principia
1700 4825 1770 4877 dioro
1789 4825 1866 4878 deber
1885 4827 1999 4882 ιιιιιιιω

315 4905 379 4960 tales
398 4904 536 4958 societates
555 4923 599 4958 seo
621 4903 761 4958 civitates?
775 4907 812 4956 ibi
833 4905 1021 4974 respondetur,
1042 4909 1081 4961 uti
1094 4927 1133 4962 se·
1186 4909 1332 4979 spangenb.
1345 4912 1374 4961 in
1388 4910 1483 4964 odron.
1494 4905 1638 4975 mansfeld.
1650 4927 1673 4960 c.
1689 4910 1754 4960 tet.
1769 4910 1879 4964 llaider.
1896 4911 1925 4965 in
1937 4931 1998 4982 opo-

313 5001 394 5045 tustas
414 4987 490 5042 nobis
511 4991 652 5042 maximam
676 4993 841 5060 antiquarum
868 5007 956 5044 rerum
975 4991 1135 5060 cognitionis
1184 4995 1305 5064 lupono
1322 4993 1621 5064 deiolrsrogtencop.2.

314 5084 416 5144 purtem
436 5073 577 5142 surripuit,
597 5074 633 5125 ita
653 5074 731 5126 etiam
752 5085 885 5144 surreptee
903 5075 1036 5127 civitatum
1054 5077 1135 5145 oripi·
1221 5085 1242 5138 ς.
1261 5079 1286 5128 li.
1306 5077 1372 5130 Cum
1393 5095 1454 5146 ergo
1473 5093 1506 5130 ea
1525 5078 1598 5129 lusce
1616 5075 1693 5130 dietis
1710 5087 1795 5147 patet,
1815 5081 1906 5132 multis
1925 5081 1998 5150 pagis

314 5172 374 5223 nes,
395 5156 444 5208 boe
461 5165 547 5209 autem
566 5168 657 5212 notum
676 5169 716 5210 est
735 5175 767 5210 ex
795 5157 1029 5227 historiographis,
1049 5159 1134 5230 impe·
1184 5161 1305 5228 villisque
1328 5162 1487 5213 liberalitate
1512 5168 1590 5230 atque
1615 5157 1793 5216 bertesolentla
1817 5165 1999 5217 saxonicorum

315 5241 354 5293 rio
367 5256 490 5294 saxonum
512 5259 558 5311 per
576 5241 749 5295 Germaniam
771 5241 926 5294 inferiorem
940 5245 1016 5311 louge
1028 5245 1076 5297 late
1090 5264 1134 5314 pa·
1186 5242 1371 5310 imperatorum
1390 5245 1446 5310 jure
1472 5244 1588 5296 ciuitatis
1611 5245 1765 5310 obvenisse,
1788 5247 1828 5312 ius
1843 5247 1999 5301 'condendae

320 5333 389 5376 teute
407 5340 454 5394 per
478 5341 571 5392 paucos
594 5327 668 5378 inea
694 5326 814 5380 extitisse
837 5325 971 5388 civitates,
989 5327 1056 5396 qnod
1075 5345 1135 5397 per·
1183 5325 1298 5378 oraturis
1318 5325 1366 5378 soli
1386 5325 1539 5395 imperatori
1561 5328 1664 5382 videtur
1679 5333 1842 5402 competere,
1856 5345 1882 5384 et
1900 5333 1999 5402 aptiu-

321 5411 367 5463 tim
387 5419 496 5478 propter
515 5409 595 5463 intrita
614 5408 697 5477 bella,
719 5412 900 5479 maximopere
925 5419 1007 5461 autem
1028 5421 1135 5480 propter
1184 5412 1242 5481 cipe
1261 5428 1306 5463 seu
1323 5411 1435 5464 electore
1451 5411 1627 5478 constituere,
1651 5417 1707 5480 eine
1730 5415 1830 5485 requiri
1855 5417 1999 5469 eoncessio-

320 5493 429 5546 uintiam
449 5493 610 5548 ferocitatem
629 5515 659 5548 ac
677 5495 807 5551 libertstis
820 5509 952 5556 amorem,
966 5511 1025 5545 nam
1044 5491 1136 5550 nullos
1186 5510 1244 5547 nem
1264 5495 1302 5548 rel
1321 5494 1553 5559 ratihabitioneme
1573 5495 1675 5550 ridetur
1693 5499 1765 5552 enim
1785 5513 1842 5550 esse
1860 5496 1894 5550 de
1911 5514 1998 5550 reser-

313 5591 458 5652 pernronot
471 5574 597 5634 totoue
607 5582 686 5638 urbes
698 5579 765 5638 sotis
779 5591 872 5636 notum
886 5587 944 5644 ert,
958 5593 991 5630 ne
1002 5577 1060 5646 nati
1071 5577 1133 5649 qni·
1186 5579 1253 5632 satis
1280 5579 1449 5653 imperatoris
1470 5593 1502 5632 ea
1521 5583 1652 5636 communi
1673 5581 1876 5653 publicistarum
1896 5593 2001 5636 senten·
