4374 6216
251 346 309 402 tte
596 347 645 403 DE
664 343 945 404 tttttoetmvtt
962 343 1074 403 lii'l'Eli
1092 341 1262 400 ttmtttts
1280 343 1473 402 tttUSTtttts
1779 347 1833 402 idi)

189 440 321 514 qnippea
344 442 462 516 depheto
480 448 568 500 ortum
586 443 662 500 ducit
680 446 750 513 iere,
769 448 885 518 iaphetc
901 461 1013 514 nemque
1064 445 1162 514 sauia,
1184 443 1432 498 lleurienstertius
1456 444 1542 498 cultro
1566 441 1711 498 Clementia
1741 443 1888 514 ldonachi,

192 541 226 579 ex
245 531 323 584 vesta
341 545 424 583 uxore
441 539 519 582 natare
537 527 589 584 luit
613 531 714 586 Gomer
737 547 771 584 ex
794 532 911 585 Gomara
936 530 1011 582 deee-
1064 529 1196 582 Henricue
1222 541 1332 599 quartus
1352 530 1437 582 cultro
1460 531 1591 583 Raealieei
1617 529 1735 600 perierat
1763 529 1803 581 sio
1834 527 1888 586 iata

194 629 259 677 nae,
277 629 311 666 ea
328 631 381 684 qno
400 615 508 668 Ascanii
525 617 579 668 orti
597 626 673 682 eunt,
697 617 744 686 qui
771 616 859 670 daiam
886 615 1013 668 minorem
1063 614 1164 683 saepius
1184 615 1346 666 comitantur
1365 613 1501 674 familiae,
1525 611 1744 684 quemadmodum
1765 611 1843 666 etiem
1871 629 1887 667 a

197 696 291 764 priano
309 693 512 764 inhabitarunt,
529 697 625 751 deiude
642 715 676 750 ex
702 699 763 753 daia
790 701 819 753 in
843 700 1013 754 Germaniam
1065 701 1223 754 Stnartorum
1237 696 1337 748 familia
1355 715 1369 748 a
1386 697 1500 750 lieberto
1511 713 1580 748 auno
1592 692 1693 748 Christi
1709 693 1790 745 1370.
1801 693 1890 747 nulius

195 779 272 833 sedes
296 781 503 847 transtulerunt,
528 783 599 837 unde
629 785 773 839 Tniacunes
799 787 1015 854 denominantur,
1066 799 1154 849 regum
1174 782 1243 835 sicce
1262 789 1350 832 morte
1366 778 1520 832 discessisse
1538 779 1649 839 dicitur,
1665 785 1744 846 prout
1759 790 1776 827 e
1792 775 1886 842 libello

195 864 312 918 'luiscun
329 863 421 919 dietus
440 863 494 920 luit
510 867 584 936 quasi
604 866 698 933 Aecae,
718 869 884 939 imperioque
902 869 1016 942 praeieit
1066 866 1192 920 idiomate
1208 863 1302 934 gallico
1316 861 1415 932 scripto
1431 873 1538 916 testatur
1549 859 1681 930 Gmrgiua
1696 861 1775 914 llorn
1787 859 1817 912 in
1830 876 1887 913 naa·

196 948 379 1016 satutaartue,
399 947 527 1004 hecntino
546 959 620 1003 teste.
636 949 668 1004 Et
685 965 748 1020 prae
773 953 885 1022 reliquie
913 953 1018 1024 populis
1068 951 1203 1018 uuscripto
1221 949 1254 1002 de
1272 964 1352 1017 regno
1371 947 1533 1002 Britanniae.

200 1031 335 1095 victricia,
352 1040 381 1084 ut
400 1032 603 1101 praerogetieem
621 1045 793 1099 mererentur,
811 1035 964 1089 extulerunt
980 1037 1017 1089 ei·
1103 1041 1124 1096 ς.
1143 1033 1168 1086 d.
1188 1030 1234 1084 det
1252 1029 1286 1084 de
1303 1033 1401 1084 exteris
1421 1048 1472 1084 non
1499 1032 1598 1084 erimus
1619 1032 1733 1103 'solliciti
1755 1035 1887 1102 multum,
1926 1036 1929 1041 ’

198 1133 268 1186 gnae
282 1131 361 1186 quam
380 1125 584 1185 praeropnttrnm
601 1115 635 1169 ad
653 1129 741 1172 nostra
762 1126 878 1186 tempore
893 1119 1018 1172 tranemi·
1067 1117 1095 1169 iu
1110 1117 1223 1187 irnperio
1242 1115 1383 1169 unstrode
1406 1115 1585 1185 praerogative
1604 1120 1748 1170 certamina
1760 1135 1817 1172 ease
1843 1120 1889 1172 ab·

197 1211 290 1258 serunt
321 1195 440 1262 feliciae,
472 1197 535 1250 dum
561 1197 713 1268 imperatori
739 1215 848 1253 romano
872 1201 1019 1269 germanico
1068 1198 1137 1251 unde
1154 1196 1285 1261 offerunt,
1306 1196 1480 1266 imperatores
1496 1197 1605 1267 qtaidem
1620 1198 1891 1272 Maximilimuepri·

194 1299 260 1354 prae
276 1283 387 1353 reliquie
404 1279 528 1336 omnihus
545 1280 716 1352 principibus
733 1283 929 1354 praecedentiae
947 1301 1019 1353 prae·
1068 1298 1126 1335 mus
1145 1291 1171 1336 et
1189 1279 1296 1335 Carolus
1312 1293 1421 1350 quartus
1438 1281 1590 1352 principum
1607 1293 1633 1332 et
1648 1283 1800 1352 ,electorum
1818 1285 1890 1348 crdi-

195 1365 311 1436 sopatr-
328 1366 498 1431 conceditur,
515 1382 564 1418 nee
576 1366 721 1421 'lorcerum
739 1369 893 1438 imperator,
912 1371 975 1422 licet
992 1387 1020 1424 aa
1068 1383 1138 1428 nem,
1157 1381 1191 1418 ne
1207 1367 1243 1416 lia
1260 1364 1347 1433 alique
1365 1363 1433 1417 oriri
1454 1363 1550 1432 possit,
1566 1365 1744 1421 terminarunt
1755 1368 1835 1434 eatis,
1848 1380 1890 1424 et·

196 1451 261 1504 aliae
277 1450 466 1520 reaepocotum
479 1450 599 1504 omnium
613 1449 817 1505 christianorum
831 1454 1018 1522 imperatorum
1063 1463 1152 1505 tamen
1171 1448 1336 1521 disceptandi
1350 1449 1410 1502 talea
1429 1449 1550 1504 materiae
1560 1449 1823 1522 oriunturqnotidie‚
1838 1457 1891 1510 ele-

195 1532 301 1600 ealntct,
321 1531 408 1586 laianu.
426 1531 457 1588 in
476 1535 654 1589 additament.
672 1535 721 1588 tit.
739 1535 766 1589 l.
783 1555 806 1590 e.
824 1537 851 1588 ii.
870 1555 899 1588 re.
919 1539 961 1590 tt.
984 1538 1019 1590 ei·
1067 1545 1152 1589 etores
1170 1535 1237 1604 qnod
1257 1533 1409 1597 concernit,
1429 1533 1457 1586 iu
1475 1533 1590 1604 irnperio
1609 1552 1719 1590 romano
1739 1540 1890 1606 germanico

195 1617 257 1672 dem
275 1617 404 1687 denegat,
420 1617 465 1672 aed
484 1619 568 1688 legato
586 1618 703 1688 ejusdem
716 1619 832 1690 primum
845 1621 916 1675 luter
926 1639 1019 1676 umuee
1068 1635 1131 1688 prae
1148 1617 1259 1672 cacteris
1276 1615 1400 1672 omuibus
1410 1614 1535 1670 obtinent
1547 1618 1649 1685 locum,
1661 1623 1727 1674 adeo
1742 1633 1771 1676 nt
1784 1639 1817 1678 ne
1828 1627 1889 1695 qni·

194 1703 300 1764 locum,
319 1711 350 1754 nt
368 1701 438 1753 mins
457 1703 578 1755 mandata
596 1702 690 1756 sedans
703 1703 949 1774 explicarentur,
962 1725 1020 1762 con-
1069 1701 1128 1752 dam
1147 1700 1262 1768 regibus,
1282 1699 1305 1750 si
1324 1699 1429 1764 adsint,
1448 1701 1549 1754 cessuri
1567 1701 1638 1765 aiut,
1660 1719 1725 1771 quoe
1745 1719 1888 1774 sequnntur

198 1786 281 1842 gadir,
298 1785 389 1840 timp.
406 1785 454 1840 tit,
473 1786 499 1838 ἢ.
517 1795 584 1840 tom.
602 1791 628 1840 1,
645 1805 705 1857 cap.
725 1790 752 1840 7,
771 1807 799 1841 η,
820 1791 862 1845 29,
882 1807 930 1845 a„
942 1808 1018 1862 πμ,
1071 1779 1166 1845 duces,
1191 1781 1342 1851 principes,
1367 1784 1485 1836 comites
1502 1795 1530 1837 et
1548 1785 1658 1840 barenes
1676 1799 1721 1840 ete.
1742 1789 1809 1843 ratio
1827 1808 1889 1846 earo

194 1870 247 1924 alia
260 1869 415 1941 imperatori
434 1871 467 1922 ate
486 1869 668 1940 praecedentia
679 1871 754 1924 litam
768 1875 909 1928 monebunt
928 1872 1018 1940 tacite,
1067 1864 1135 1935 quod
1153 1865 1272 1932 ducesflin
1290 1864 1432 1918 Germania
1446 1867 1498 1918 sota
1506 1869 1599 1922 nonita
1608 1869 1637 1920 in
1651 1871 1760 1925 caeteris
1768 1871 1888 1944 Europae

193 1957 258 2012 linai
274 1968 334 2013 ante
351 1972 435 2012 annos
454 1957 564 2012 caterict
583 1957 730 2012 Galliarum
743 1961 821 2028 legati
832 1959 924 2013 casoto
942 1963 1019 2031 quin·
1067 1950 1307 2020 10⁰5⁵P¹¹f¹¹05l³3b⁰¹
1316 1946 1495 2019 ilfstfefwffl't'
1506 1951 1568 2004 heco
1578 1953 1705 2022 ωψσε]
1715 1954 1789 2009 daseia
1799 1959 1891 2014 titulus

194 2051 225 2095 to
237 2039 448 2112 praecedentiam
466 2039 594 2110 denegare
612 2042 753 2105 roluerint,
770 2042 838 2111 quod
859 2042 961 2096 Galliae
974 2060 1018 2096 rex
1067 2049 1100 2087 εἰ
1120 2035 1211 2088 militis
1231 2034 1319 2102 potine
1336 2032 1418 2085 inerit
1435 2045 1462 2087 et
1479 2046 1567 2104 postea
1584 2039 1653 2107 apud
1666 2038 1816 2096 Germanos
1835 2061 1890 2096 ma·

194 2129 376 2183 Romanorum
390 2141 476 2192 ragam
493 2127 659 2195 praecederat
672 2127 813 2180 Ktmtrpar.
826 2126 1019 2196 delegassent,
1068 2121 1149 2186 iorem
1168 2119 1290 2191 paginam
1304 2116 1367 2172 iecit
1387 2120 1493 2189 nisique.
1512 2121 1740 2189 Quemadmodum
1761 2144 1776 2179 a
1798 2125 1891 2182 Carclo

194 2210 224 2262 ἱ.
235 2227 296 2280 cup.
314 2210 341 2262 h.
357 2225 385 2260 n.
404 2207 451 2260 ii.
470 2209 527 2261 lmo
545 2208 599 2278 ipsi
618 2208 690 2262 Gelli
710 2209 832 2263 hodierni
858 2211 1017 2280 praeterlap-
1069 2222 1180 2274 magno,
1201 2203 1373 2258 Wittekiudo
1387 2205 1483 2256 ultisuo
1496 2204 1629 2261 Saxonum
1642 2210 1697 2276 regi
1709 2210 1892 2264 noneeraodu-

194 2295 261 2346 tiam
281 2292 456 2363 praetendere
469 2307 532 2361 prae
550 2291 694 2346 Germanis
716 2294 803 2348 moliti
823 2305 883 2348 sunt
901 2295 1020 2362 saepius,
1066 2301 1138 2342 catus
1157 2289 1303 2351 Senoniae,
1323 2287 1513 2354 Wcstphnliae
1533 2301 1559 2342 et
1578 2289 1694 2360 lnpriae
1719 2293 1795 2348 deine
1823 2293 1890 2362 luit,

195 2394 289 2432 rerum
308 2377 415 2431 Praooii
430 2377 487 2430 sire
498 2377 570 2430 Galli
590 2375 713 2430 hodierni
733 2395 761 2432 se
786 2377 854 2430 leand
873 2378 1020 2431 Germanos
1067 2372 1101 2425 ah
1117 2390 1200 2444 eoque
1217 2372 1309 2426 Garolo
1327 2373 1446 2442 plerique
1465 2364 1599 2442 principes
1621 2376 1729 2428 trahunt
1745 2377 1889 2448 originem.

195 2479 256 2516 esee
276 2477 329 2516 nou
347 2460 526 2532 opinabuntur
543 2459 630 2528 facile,
649 2473 676 2515 et
693 2464 717 2515 ei
735 2471 912 2527 autumarent,
931 2475 1019 2518 contra
1069 2457 1138 2510 Idcet
1155 2467 1242 2510 tidem
1254 2455 1362 2509 ordint!
1378 2472 1472 2510 ⁰⁰¹⁰ss
1490 2455 1658 2511 ddermintii
1680 2461 1741 2514 satis
1754 2462 1815 2529 tint,
1828 2480 1891 2520 non·

194 2543 278 2600 fidem
309 2545 463 2600 historicam
490 2544 631 2609 auderent,
655 2543 770 2600 Francia
801 2547 890 2598 oannis
917 2546 1019 2600 scilicet
1069 2542 1253 2596 troversiarum
1272 2555 1359 2595 tamen
1377 2539 1521 2594 multitudo
1539 2556 1593 2594 non
1610 2542 1692 2608 deest,
1706 2545 1835 2602 eiciendis
1851 2549 1890 2602 ip.

194 2629 417 2700 complectebatur
434 2639 536 2699 partem
549 2630 675 2699 majorem
689 2629 865 2696 Germaniae
879 2638 906 2682 et
918 2629 1023 2682 termini
1071 2639 1109 2681 ter
1127 2627 1253 2682 Beretum
1272 2635 1298 2679 et
1317 2626 1465 2680 Palatinum
1483 2625 1516 2678 ad
1533 2643 1673 2695 quemnam
1693 2629 1834 2685 eicarietna
1846 2633 1888 2686 di·

195 2714 232 2768 ed
250 2713 455 2784 septentrionem
469 2713 603 2776 Oceanus,
623 2713 655 2765 ad
673 2722 762 2767 ortum
781 2712 848 2766 albis
860 2724 890 2767 et
907 2711 1021 2778 eola,s‹l
1068 2713 1155 2780 gnitas
1173 2714 1305 2782 pertineat
1322 2712 1436 2774 merito,
1457 2710 1618 2776 disceptetur
1628 2746 1638 2775 ,
1657 2729 1753 2780 operae
1771 2715 1889 2783 pretinm

197 2798 341 2852 meridiem
361 2797 525 2861 Alemannis,
543 2797 576 2850 ed
589 2811 708 2850 occasum
727 2796 836 2850 Rhenus
849 2796 1020 2865 habebantur,
1070 2795 1165 2850 facturi
1184 2813 1282 2860 sumus,
1302 2797 1325 2847 ei
1344 2811 1377 2848 ex
1395 2794 1553 2866 quibusnam
1572 2794 1658 2848 cauaie
1676 2799 1820 2866 antiquitus
1837 2797 1890 2854 iue-

193 2893 225 2937 nt
243 2882 280 2934 ita
297 2882 407 2936 Francia
432 2892 506 2936 retus
533 2883 561 2933 in
583 2881 721 2935 Franciam
752 2881 836 2950 ipsam
855 2893 882 2935 et
901 2884 1019 2936 hiemen·
1069 2879 1161 2945 ritlis,
1181 2895 1367 2950 supponemus.

194 2969 269 3022 niem
282 3002 291 3032 ,
305 2966 340 3020 ols
355 2967 426 3037 qnod
441 2965 512 3019 Galli
527 2965 675 3022 Germanos
690 2967 845 3019 Alemannos
867 2975 958 3020 rocaut
975 2967 1021 3019 ho·
1106 2970 1129 3036 §.
1148 2967 1174 3021 d.
1194 2969 1262 3020 Ante
1278 2977 1382 3020 cautum
1400 2963 1457 3020 iere
1473 2971 1501 3018 et
1516 2963 1703 3035 quinquaginta
1722 2984 1751 3020 ee
1767 2967 1836 3036 quod
1848 2983 1890 3019 ex·

194 3051 321 3119 alienum,
339 3050 510 3110 divideretur,
527 3048 597 3120 quod
616 3059 702 3102 entem
723 3049 825 3104 diretta
843 3068 858 3102 a
877 3049 1020 3106 Germanis
1069 3053 1153 3108 currit
1171 3069 1253 3104 annos
1274 3051 1369 3104 Bucari
1388 3060 1414 3104 et
1433 3050 1565 3111 Palatini,
1584 3067 1646 3102 rrum
1660 3047 1785 3106 Barsriae
1803 3067 1890 3121 respe-

196 3146 308 3192 utantur
324 3135 429 3204 lingua,
451 3133 520 3186 nihil
538 3132 662 3203 opinioni
683 3141 773 3192 nocet,
796 3150 857 3186 uam
882 3135 1019 3188 lileroreua
1070 3147 1114 3192 eto
1130 3155 1164 3191 att
1180 3135 1265 3208 quoad
1284 3135 1456 3189 Palatinetnm
1475 3133 1628 3187 electoratue
1641 3144 1787 3205 cosnpetat,
1804 3135 1890 3192 disca·

199 3223 261 3278 litua
278 3239 296 3275 o
314 3222 422 3289 trajecto
444 3235 504 3272 enm
521 3218 578 3271 auia
594 3217 702 3273 Francis
720 3218 751 3270 ud
771 3217 890 3271 Axonam
910 3219 1020 3274 flurium
1070 3232 1187 3295 ptarnnt.
1205 3221 1383 3274 obtinuerant
1400 3215 1507 3288 quidem
1531 3215 1650 3270 Palatini
1669 3217 1780 3271 testibus
1797 3219 1887 3272 omui·

197 3301 276 3356 aedae
295 3301 444 3365 transtulit,
463 3299 502 3352 ibi
530 3301 675 3369 permixtus
700 3299 786 3354 Gallia
813 3318 945 3355 romanam
972 3305 1020 3356 liu·
1070 3311 1117 3362 isus
1135 3306 1249 3376 eligendi
1268 3309 1309 3373 jus
1335 3317 1453 3374 tempore
1477 3301 1606 3354 Frideriai
1635 3300 1823 3364 Barbarossae,
1844 3300 1890 3356 aed

197 3401 275 3454 poena
291 3399 351 3436 cum
369 3381 529 3438 Germanica
547 3400 598 3452 qna
615 3381 709 3435 Franci
730 3382 870 3437 utebantur
888 3385 1018 3454 conludii,
1067 3410 1127 3447 cum
1151 3395 1212 3443 Otto
1229 3388 1344 3444 Bararus
1362 3386 1485 3440 Ludoeici
1502 3381 1576 3437 filius
1597 3385 1722 3454 dgnetem
1743 3385 1888 3438 Palatinam

195 3485 228 3522 ae
246 3468 274 3520 in
292 3483 349 3520 mus
368 3467 498 3535 tormen,
514 3484 579 3536 quaa
597 3466 676 3520 hodie
693 3468 722 3520 in
740 3467 828 3521 Gallie
842 3469 919 3537 riget,
931 3485 1019 3526 corru-
1071 3473 1241 3533 matrimonio
1258 3475 1399 3540 inureret,
1417 3479 1444 3528 et
1462 3470 1575 3522 mannia
1601 3469 1694 3538 protes
1709 3468 1888 3523 Palatinarum

195 3554 248 3624 pit,
266 3571 317 3626 qne
337 3554 419 3622 igitur
438 3553 539 3606 ratione
556 3553 629 3608 Galli
648 3553 700 3607 eibi
714 3553 917 3622 praerogativam
930 3573 1019 3627 respe-
1068 3559 1204 3621 delineret,
1221 3555 1375 3626 conjunctio
1392 3553 1532 3606 ducatuum
1551 3551 1617 3606 iacta
1634 3562 1674 3604 est
1692 3564 1717 3606 ct
1734 3566 1802 3621 pene
1826 3567 1888 3606 con-

199 3646 245 3693 etn
262 3637 401 3691 nationum
420 3655 481 3707 pree
498 3637 644 3694 Germanis
663 3635 804 3704 sindicent,
818 3653 876 3690 cnm
889 3638 942 3708 ipsi
952 3640 1019 3696 Ger·
1067 3642 1150 3708 iussio,
1168 3642 1231 3694 hine
1248 3657 1307 3693 cum
1328 3638 1512 3709 separarentur
1539 3635 1635 3690 iterum
1658 3647 1685 3690 et
1711 3652 1781 3688 enno
1807 3635 1886 3688 tttt.

202 3719 275 3778 titani
288 3718 421 3784 eleimon
438 3717 545 3773 habent.
1067 3727 1217 3781 Friderieue
1235 3723 1370 3778 Palatinus
1389 3722 1570 3776 inrestituram
1587 3728 1694 3790 tpeteret
1722 3722 1886 3787 eteetoratue,

230 3797 255 3869 S·
274 3799 301 3853 d·
327 3801 401 3856 1⁰¹0?
430 3801 533 3856 Gelli&
551 3811 580 3856 0²
603 3803 749 3872 Ηῑψίῦῐθθ
774 3821 861 3876 reget,
891 3807 960 3876 quod
986 3807 1018 3860 de
1067 3814 1352 3880 Wilhelmuequertue
1370 3808 1666 3862 Bararieednxcoram
1686 3809 1888 3880 Caroloquiuto

197 3883 380 3954 praecedentia
397 3895 530 3940 certamen
549 3885 639 3953 luerit,
658 3885 712 3942 iere
737 3888 769 3941 ah
794 3890 874 3943 initio
899 3892 926 3944 in
951 3907 1018 3944 com-
1066 3898 1140 3969 qnasi
1156 3897 1188 3952 ad
1208 3913 1236 3949 ae
1249 3898 1405 3967 pertineret,
1419 3893 1635 3963 protestationem
1649 3891 1818 3962 interposuit.
1831 3895 1886 3948 Ge-

198 3975 274 4036 pcrto
292 3985 348 4024 aeee
367 3984 471 4034 remur,
490 3978 520 4022 ut
537 3969 600 4022 inde
613 3971 691 4024 relati
704 3971 777 4027 ietali
791 3974 853 4028 odio
870 3974 1018 4030 dissideant
1066 3983 1138 4040 wohl
1155 3983 1219 4036 der.
1230 3983 1248 4036 i·
1263 3999 1283 4034 r.
1296 3977 1473 4046 septemviret.
1484 3993 1545 4048 pag:
1561 3977 1622 4028 203.
1641 3974 1693 4030 Sed
1712 3977 1818 4031 Carolus
1835 3994 1885 4048 pro

197 4067 317 4122 “mima
334 4053 395 4108 ΜΠ·
413 4053 485 4106 θῦῑω
503 4055 586 4107 ”⁰¹⁸¹
604 4056 696 4124 timi!
713 4068 819 4128 “cerie
837 4060 944 4114 turibut
958 4061 1016 4114 btt-
1068 4067 1185 4122 Palatino
1202 4064 1360 4119 senteutiam
1378 4063 1449 4115 dixit
1466 4062 1495 4115 in
1513 4059 1695 4116 declaratione
1712 4059 1779 4114 aiier
1801 4062 1884 4114 Char-

197 4143 274 4196 reut,
292 4133 448 4204 posteritate
465 4136 588 4204 gliscunt.
605 4137 737 4193 Nararrae
766 4157 874 4210 reguum
894 4143 921 4194 in
943 4145 1017 4198 titulo
1066 4153 1159 4222 ψη
1178 4151 1261 4206 tractat
1274 4149 1332 4204 nard
1342 4149 1513 4210 eumerius,
1531 4145 1626 4200 serbis:
1640 4145 1703 4200 dart
1714 4144 1884 4200 astaturos

197 4215 302 4270 Galliac
319 4234 392 4285 reges
408 4228 511 4288 gerunt,
532 4232 611 4288 regno
629 4221 824 4291 destituuntur,
843 4235 870 4277 ct
887 4227 1016 4296 perpetuis
1065 4239 1233 4294 ctae-flectat
1248 4251 1300 4289 oon
1322 4250 1412 4303 coegere
1430 4229 1530 4300 Pfirlte.
1556 4229 1674 4284 Goldest.
1691 4239 1757 4284 tom.
1778 4230 1805 4280 2·
1825 4231 1885 4284 Der

196 4295 275 4351 bellis
293 4298 326 4352 ah
344 4300 465 4372 lliapano
483 4311 629 4370 reposcunt.
650 4306 784 4374 Hispanus
796 4308 895 4362 etenim
911 4311 1017 4390 haerete
1067 4324 1293 4390 ffltpppsarwpg
1302 4337 1366 4390 pap,
1385 4319 1430 4372 43.
1450 4336 1463 4369 a
1481 4332 1535 4386 qno
1555 4325 1671 4386 tenpore
1688 4315 1787 4368 nattam
1805 4314 1882 4368 titana

194 4383 318 4454 subegit,
336 4402 395 4439 eum
416 4387 444 4440 in
463 4387 590 4440 auxilium
618 4401 752 4444 noceretur
771 4411 786 4446 a
803 4393 875 4446 tutto
900 4395 1015 4448 secundo
1066 4405 1194 4460 pptptpta
1213 4406 1324 4458 mortuas
1342 4402 1464 4455 diruptus·
1484 4399 1588 4454 Barari.

196 4470 266 4539 Papa
284 4479 373 4523 contra
390 4471 506 4538 Gallum,
526 4471 660 4541 denegarit
677 4475 806 4528 auxilium
825 4477 879 4529 nisi
895 4478 1011 4534 hlhreta·
1101 4490 1159 4552 Μ,
1187 4491 1242 4542 flea
1264 4485 1351 4539 litium
1371 4483 1469 4540 redime
1488 4484 1598 4537 familiis
1617 4481 1767 4536 insederant
1784 4484 1879 4550 altine,

194 4567 244 4604 nus
265 4553 382 4606 Pettium
400 4553 551 4608 Galliarum
563 4559 662 4610 assecla
672 4561 953 4629 excommunicaretur,
964 4581 1015 4634 quo
1064 4590 1124 4627 naras
1143 4587 1231 4625 ansam
1248 4569 1363 4640 aliquam
1380 4567 1573 4623 nancisceretur
1592 4567 1706 4620 Bararus
1732 4586 1779 4638 pro
1811 4569 1884 4623 Pala-

193 4634 263 4688 isoto
282 4632 454 4690 dibreteuum
476 4656 555 4709 reguo
573 4642 648 4694 exuit
664 4644 731 4696 etin
750 4643 819 4696 hisne
842 4662 923 4716 neque
943 4647 1013 4704 diem
1066 4658 1122 4712 tino
1138 4654 1255 4709 obtinuit
1271 4653 1358 4706 ionum
1378 4653 1449 4705 inter
1467 4653 1593 4707 electores
1610 4660 1633 4716 ς,
1651 4649 1676 4702 l.
1696 4651 1776 4724 prati.
1795 4653 1880 4709 opp..

194 4729 281 4775 tuetur
298 4719 414 4776 lortiter.
431 4723 539 4778 Certum
557 4725 667 4798 quidem
693 4737 747 4793 eet,
771 4729 864 4782 Gallos
896 4731 1016 4803 hispanie
1065 4738 1215 4808 broplem
1236 4735 1879 4807 iactointerregnoeuirieaaiatnedignitasrom·

192 4803 297 4860 ririhue
314 4805 462 4874 superiores
478 4822 554 4871 esee,
572 4823 692 4862 sucosam
712 4807 854 4864 inierioree
879 4815 1014 4884 reperinn·
1064 4834 1147 4893 pem,
1167 4822 1234 4876 intas·
1251 4835 1279 4874 sa
1297 4817 1447 4874 Barsrnsat
1462 4809 1880 4880 Patartpm'ppptroparrppt‚1tt0.

193 4897 246 4951 tur,
264 4899 292 4943 et
309 4889 423 4960 lliepani
439 4889 594 4958 cunctando,
607 4891 679 4946 Galli
693 4896 831 4962 pugnaudo
844 4897 938 4964 ealent,
952 4898 1015 4954 hino
1063 4927 1113 4981 qua
1126 4909 1231 4978 papttpa
1247 4905 1311 4960 haee
1327 4907 1505 4962 controversi.
1524 4907 1659 4962 terminata
1678 4919 1717 4962 aar
1734 4909 1823 4964 hodia.

191 4974 296 5039 ti⁰⁰¹i²⁸
314 4971 347 5028 ⁸¹²
358 4991 421 5044 9¹⁰⁶
438 4983 526 5028 ‘ilum
540 4973 606 5042 luit,
620 4978 739 5046 ffl‘tteui
753 4996 855 5050 temper
867 4984 1014 5050 superiores
1097 4993 1119 5058 ς
1138 4991 1164 5043 8.·
1184 4990 1304 5059 Pepelem
1323 4990 1348 5042 ei
1365 4989 1495 5045 intuemur
1511 4991 1732 5060 jurisdictionem,
1750 5011 1810 5064 ptec
1822 5005 1877 5048 cee-¹

191 5054 282 5122 soests
300 5065 428 5154 ῑθξῑῑῦῑῦῐ
457 5060 506 5112 ¹²⁰⁰
529 5059 599 5113 1⁰¹⁶?
626 5059 822 5116 Fordintndnnt
846 5074 874 5120 et
899 5066 1012 5127 tutori·
1063 5076 1127 5131 teris
1149 5076 1273 5130 omnihus
1290 5073 1456 5145 principibus
1479 5093 1539 5130 enm
1558 5075 1654 5132 habere
1671 5079 1877 5155 praerogatiuam

192 5155 253 5194 Μ
274 5139 308 5192 ¹¹·
328 5153 399 5197 ’Μ
417 5141 541 5198 ⁰⁸¹⁸⁰¹⁰¹²
559 5143 681 5214 ‘inimum
700 5155 728 5198 ἰ
743 5145 929 5217 F''¹¹¹‘d2‘2i1'1ls
943 5153 1012 5210 inter
1060 5173 1160 5217 certum
1172 5171 1226 5224 cet,
1245 5162 1312 5216 etin
1325 5163 1376 5214 hoe
1388 5163 1454 5216 utin
1474 5163 1608 5216 territorio
1619 5165 1664 5232 qni
1678 5178 1725 5234 pru
1737 5161 1823 5216 lubitu
1837 5166 1876 5217 ita

190 5221 348 5322 “ibidum
365 5225 507 5323 “iunium
525 5237 553 5281 ⁸²
569 5226 716 5322 flffl‘dffum
731 5231 875 5287 ⁸⁶⁰¹¹¹¹¹¹⁰¹¹²
887 5247 953 5301 ¹⁰¹³·
968 5257 1006 5292 ιο·
1059 5247 1200 5318 disponere
1213 5247 1298 5317 possit
1311 5245 1458 5314 reperiatur
1471 5243 1600 5316 nuspiam,
1614 5247 1659 5300 sed
1673 5245 1729 5315 ipse
1743 5243 1795 5296 sibi
1809 5245 1876 5301 hanc

190 5305 233 5360 ¹⁰⁸
249 5323 348 5377 ‘lidii‘²
367 5310 499 5406 flssflfffiu!
515 5311 642 5366 mund&
659 5329 687 5364 ¹⁰
708 5313 865 5368 Vettlntnti
887 5337 950 5388 pace
971 5325 1011 5376 hi·
1060 5331 1163 5401 peperit
1175 5325 1407 5399 praeeminentiam
1419 5327 1524 5382 ohtutui
1537 5329 1752 5400 superstitionem
1765 5329 1873 5397 habena

188 5405 275 5486 ⁸2¹⁰?
291 5391 354 5444 ⁸⁰⁰·
376 5391 476 5462 ⁰Pl¹d⁸
500 5396 570 5448 Μὴ
588 5406 692 5466 mili·
718 5396 770 5449 ⁰5⁸5
786 5399 1008 5476 nuptiarnmpro.
1059 5415 1159 5467 ursilnm
1177 5428 1290 5480 nemque
1309 5412 1387 5464 telum
1406 5411 1438 5464 esi
1450 5412 1620 5482 subigendum
1633 5409 1728 5466 efficax
1740 5414 1824 5483 magia
1836 5425 1876 5472 eet

190 5488 283 5526 maeste
300 5476 518 5545 compensatione,
538 5481 705 5545 restituit,in
718 5483 900 5552 quibneieruli
914 5507 1008 5562 pompa
1056 5514 1134 5566 qnam
1153 5493 1314 5565 superstitio.
1332 5497 1464 5549 Romanus
1488 5499 1626 5566 epiecopus
1650 5497 1722 5552 nulla
1746 5501 1873 5568 patrimo.

189 5557 274 5624 periit
292 5556 472 5616 letalidontns
490 5563 568 5617 iatine
588 5563 757 5632 detrimento,
777 5586 838 5623 uem
858 5582 884 5624 et
903 5575 1009 5628 Franci·
1058 5581 1123 5632 uiali
1144 5589 1211 5632 terra
1230 5577 1358 5646 pandebat
1383 5578 1533 5651 principio,
1558 5580 1604 5635 aed
1628 5599 1714 5638 annuo
1739 5585 1875 5651 stipendio

190 5653 250 5692 ecoe
267 5642 394 5695 secundus
411 5645 497 5698 uiuere
514 5647 623 5714 capitia,
643 5647 753 5704 Carolus
771 5669 855 5707 nonus
873 5661 1009 5726 sauguinis
1058 5673 1197 5722 contentus
1214 5662 1299 5718 risere
1316 5663 1422 5734 cogebat
1443 5683 1472 5728 r,
1490 5665 1572 5720 donec
1589 5667 1683 5722 lohen.
1711 5669 1774 5726 Vll.
1793 5689 1877 5726 rome-

191 5723 344 5794 Pi⁰fl¹⁸ti⁰s
363 5726 516 5786 Frwtittttt
535 5715 692 5815 Aicnconine
704 5751 821 5794 moerore
834 5743 917 5798 enimi
931 5756 956 5800 et
970 5747 1009 5800 in·
1059 5766 1092 5804 no
1105 5749 1228 5821 episcopo
1238 5767 1260 5801 s.
1273 5747 1377 5804 Christi
1395 5682 1458 5804 ldd.
1487 5751 1619 5824 liupertua
1642 5754 1873 5827 longobardorum
