4404 6168
810 259 1144 342 marmano
1166 263 1663 362 VIGESfflQUssTA

649 487 1854 638 ououuuuououuu,

733 731 874 827 QUOD
896 731 1153 804 GERMANI
1173 733 1394 807 Vocare
1410 733 1757 824 GESPIELDB,

924 971 1577 1022 ”mn-mmdof-mlss.

1073 1173 1153 1214 no
1181 1175 1416 1216 ΗΗΙΠΔ

715 1349 903 1423 PETRUS
926 1349 1144 1422 serlum
1166 1353 1497 1424 Francorum.
1522 1349 1749 1424 larome„

1026 1633 1442 1688 w—

1102 1887 1364 1958 FELICITER

400 2099 535 2254 Ipsina
560 2161 713 2226 naturae
729 2149 933 2226 dictamine
957 2147 1004 2224 ad
1028 2148 1176 2224 civilem
1202 2148 1412 2222 societatem
1436 2173 1521 2222 com
1553 2137 1766 2224 mortalium
1804 2149 1964 2226 animoa
1989 2149 2065 2248 aspi·
2116 2149 2117 2154 ’

399 2264 520 2344 reret,
543 2274 588 2326 eo
611 2249 827 2327 allaboravit
851 2253 1101 2351 potissimum,
1125 2247 1222 2348 quud
1247 2251 1503 2322 suavissimam
1528 2252 1736 2324 animorum
1762 2249 2064 2324 harmoniamdc-

399 2375 549 2428 morum
571 2355 827 2455 conjonctione
850 2351 897 2424 ad
922 2355 1051 2427 rivom
1076 2353 1307 2450 exprimeret.
1331 2349 1429 2421 Hinc
1455 2355 1593 2448 primae
1618 2365 1657 2422 et
1687 2352 1877 2424 mundae
1920 2347 2064 2434 forma,

400 2464 444 2524 ut
469 2451 702 2552 politicorum
726 2451 800 2525 titii
823 2451 924 2550 loqui
949 2464 1095 2542 amant3
1139 2451 1209 2520 rici
1251 2472 1280 2520 a.
1323 2453 1406 2548 pagi
1446 2473 1558 2522 sensu
1586 2455 1739 2546 vulgari
1754 2505 1768 2542 ,
1814 2451 1904 2524 Jolr.
1945 2446 2064 2519 Frider.

398 2549 512 2624 Horo.
537 2551 588 2623 de
610 2555 714 2625 eicit.
740 2556 768 2624 1.
799 2573 830 2622 r.
856 2575 937 2651 cap.
965 2553 1000 2644 4.
1024 2553 1060 2642 s
1087 2573 1122 2622 a.
1148 2545 1334 2621 Aristotel.
1365 2573 1395 2619 1.
1415 2555 1492 2650 pol.
1521 2574 1555 2621 a.
1582 2553 1722 2623 natales
1746 2575 1845 2623 suos
1879 2547 2061 2630 celebrant,

398 2649 554 2754 illosque
577 2653 925 2750 consanguineorum
949 2649 1194 2739 cohabitatio,
1219 2648 1283 2720 hoe
1307 2651 1398 2720 citra
1424 2651 1607 2745 sanguinis
1633 2652 1959 2750 propinquitatem
1983 2649 2061 2741 iuga

398 2751 502 2824 nitor
526 2751 705 2826 societatis
729 2775 832 2836 amor
856 2751 1033 2850 produxit
1062 2751 1146 2822 Pari
1173 2755 1311 2821 ratione
1336 2771 1382 2820 ex
1407 2749 1571 2848 pluribus
1595 2753 1695 2848 pagis
1719 2751 1886 2849 perlecta
1905 2747 2060 2828 societate,

401 2874 495 2948 quae
519 2852 677 2926 civitatis
699 2855 849 2923 nomine
877 2853 998 2940 reoit,
1023 2851 1249 2940 constituta,
1274 2850 1484 2922 vicinorum
1509 2851 1699 2922 concordia
1725 2853 1958 2922 incrementa
1974 2843 2060 2940 oepit·

398 2947 539 3022 Varum
594 2973 657 3022 noa
681 2951 853 3050 primitus
876 2951 1065 3047 sanguinis
1089 2949 1182 3020 ratio
1205 2946 1487 3046 animorumque
1513 2951 1724 3048 conjunctio
1751 2951 1893 3022 ricinia
1924 2946 2058 3016 contine·

398 3045 465 3122 bat
488 3047 566 3121 aed'
597 3073 663 3142 os,
689 3052 754 3122 hoa
811 3047 1001 3122 recedente
1026 3062 1189 3148 tempore
1214 3047 1406 3118 hominum
1436 3048 1578 3120 malitia
1606 3051 1723 3119 instar
1748 3047 1891 3120 herbae
1928 3043 2060 3138 irriguae

397 3167 623 3222 succrescens
648 3075 829 3224 discordia
856 3147 1041 3238 reddidit,
1065 3161 1281 3246 praeterque
1306 3147 1467 3220 nominia
1491 3171 1620 3220 aonam
1647 3149 1777 3219 rixae
1813 3171 1863 3218 ne
1907 3146 1965 3216 rix
1994 3138 2054 3236 qul·

398 3246 484 3326 dem
510 3245 689 3349 primaevi
715 3273 837 3324 rerum
864 3261 980 3324 statur
1007 3249 1153 3345 vestigia
1180 3249 1341 3346 reliquit.
1369 3245 1541 3321 Turbatia
1567 3249 1690 3346 itaque
1715 3245 1829 3318 rebus
1857 3243 1953 3318 malo
1967 3253 2055 3310 extre·

398 3371 464 3424 mo
488 3347 667 3424 discordia
691 3349 905 3442 accedente3
932 3349 981 3423 ad
1015 3345 1237 3422 firmandam
1272 3348 1412 3420 civium
1453 3347 1727 3443 vicinorumque
1765 3343 1995 3418 concordiam
2026 3335 2055 3402 it

400 3470 526 3522 rerum
552 3447 773 3524 alienatione
797 3461 835 3522 et
859 3449 1096 3550 acquisitione
1118 3449 1237 3547 prima
1265 3447 1465 3519 vicinorum
1493 3445 1615 3518 lrabita
1642 3444 1712 3517 luit
1736 3448 1846 3533 ratio,
1879 3441 2052 3530 eademque

400 3551 429 3666 l.
464 3547 526 3639 54.
561 3547 611 3619 de
638 3553 718 3662 leg.
758 3573 792 3620 a.
826 3547 1103 3663 Koeppenndec.
1138 3547 1271 3660 44312.
1304 3571 1361 3646 27.
1398 3545 1525 3644 ibique
1558 3549 1685 3660 alleg..
1707 3559 1860 3660 propter
1893 3537 1975 3658 mali
2003 3535 2052 3640 no

402 3645 979 3844 ttutttltlt‘tullstitlz
1002 3643 2049 3843 ὲέξᾶῗῖῗὲῃξὲἧῗίἒξῑ’334ἓ..ῗιῖ”ιῗ”4.ἒ’ῗ.ἷῖ.ἱί..ῗζῖἶξ

401 3844 445 3918 tii
470 3845 572 3918 enim
599 3867 808 3918 mensuram
833 3843 914 3916 aliia
938 3843 1103 3940 legitime
1126 3843 1429 3914 concurrentibus
1452 3841 1698 3912 determinare
1740 3841 1846 3914 solet.
1891 3839 1962 3911 Hac
1999 3830 2046 3900 5¹1¹

429 3943 619 4018 rudentiaa
644 3957 681 4017 et
708 3945 915 4018 Themistoa
938 3944 1015 4016 aira
1041 3943 1200 4042 justitiae
1224 3941 1336 4038 gloria
1362 3965 1428 4040 pro
1452 3943 1616 4013 nominis
1639 3943 1692 4012 sui
1719 3941 1883 4041 peculio,
1909 3937 2047 4009 censerit

445 4044 564 4118 euelio
606 4045 671 4118 Oe.
706 4043 912 4118 Urotialov.
942 4063 1023 4142 cap.
1053 4043 1090 4114 6.
1122 4063 1213 4140 pag.
1250 4040 1310 4112 56.
1340 4041 1482 4112 Erasm.
1511 4053 1606 4111 cent.
1647 4061 1677 4108 r.
1711 4042 1823 4138 adag.
1866 4041 1927 4114 32.
1964 4018 2042 4119 cons·

404 4141 452 4217 de
479 4147 585 4216 ‘molo
616 4149 738 4222 vicino
774 4141 921 4216 Tholos.
955 4155 1146 4240 syntagm.
1174 4139 1256 4228 jur.
1290 4137 1353 4210 lib.
1389 4139 1423 4230 4.
1457 4161 1536 4235 cap.
1571 4139 1627 4230 ad.
1662 4139 1794 4211 llenat.
1829 4119 2044 4234 choppindt

402 4243 580 4342 privileg.
617 4257 719 4318 rust.
753 4241 818 4314 lib.
855 4265 890 4314 2.
925 4264 1005 4339 cop.
1046 4261 1077 4310 r.
1108 4263 1145 4308 n.
1175 4263 1206 4308 α.
1239 4242 1266 4308 l.
1303 4235 1363 4311 35.
1393 4241 1430 4310 d.
1459 4238 1633 4312 contrair-
1668 4255 1780 4336 empt.
1814 4234 2042 4312 celeberrimo

406 4341 668 4413 Themistocles
693 4341 885 4440 praedium
908 4337 1096 4439 quoddam
1124 4337 1334 4408 venditurus
1358 4335 1426 4408 boc
1451 4341 1546 4410 inter
1577 4335 1647 4407 alia
1678 4364 1742 4438 per
1775 4333 1959 4436 praeconis
1997 4339 2039 4392 ro

406 4461 486 4512 cem
513 4437 680 4526 addidit3
704 4437 806 4538 quod
837 4441 952 4510 etiam
983 4435 1091 4507 boram
1124 4433 1278 4506 haberet
1314 4437 1463 4508 vicinos.
1497 4433 1617 4528 Quid?
1643 4437 1741 4533 quod
1776 4439 1904 4536 siquis
1924 4437 2039 4502 invest

406 4535 527 4610 dendo
559 4536 706 4633 praedio
739 4535 917 4608 confinem
953 4533 1149 4621 celaverit,
1180 4557 1290 4630 quem
1325 4549 1467 4633 emptor
1500 4543 1529 4606 ai
1562 4533 2043 4634 audivisset,emprururooa

407 4647 528 4714 esset,
554 4639 668 4704 teneri
695 4633 942 4722 venditorem,
976 4636 1066 4731 juris
1101 4640 1213 4702 nostri
1247 4631 1432 4728 dispositio
1467 4635 1567 4706 relit.
1602 4636 1710 4726 Quod
1746 4639 1835 4732 juris
1871 4627 1972 4706 nostri
2000 4637 2038 4725 rt·

406 4733 592 4822 medium,
619 4743 661 4803 ut
688 4733 827 4803 ratione
851 4753 913 4802 eoa
939 4741 1103 4818 constat3
1130 4732 1178 4799 ita
1207 4731 1392 4827 pinguiora
1419 4737 1495 4833 jura
1524 4737 1656 4807 exinde
1689 4736 1895 4836 principum
1934 4727 2039 4796 ⁰⁰ss⁸*

407 4833 585 4920 tationes,
611 4827 772 4902 locorum
798 4827 1347 4926 quorumdamconsuetudines,
1372 4832 1564 4904 accedente
1589 4845 1807 4906 statutorum
1848 4835 1879 4905 ri
1910 4819 2039 4900 carrio

406 4957 471 5037 per
496 4927 634 5004 rivulos
658 4929 761 5027 quasi
787 4925 1024 5012 derivarunt,
1048 4938 1086 4996 et
1110 4951 1231 5000 rerum
1256 4953 1402 5002 suarum
1430 4933 1665 5006 moderamen
1693 4933 1953 5026 arbitriumque
1979 4932 2036 4986 cer·

408 5041 454 5108 tis
481 5028 661 5104 limitibus
688 5027 819 5101 ricinis
844 5023 1042 5124 prudenter
1067 5027 1346 5100 restrinxerunt.
1372 5029 1466 5102 Hinc
1494 5031 1655 5123 lactum,
1690 5049 1732 5106 at
1774 5039 1910 5108 vicinos
1946 5027 2035 5092 extre

407 5157 540 5217 neom,
565 5151 612 5248 ne
638 5139 786 5228 propter
810 5125 921 5242 ipsios
946 5122 1132 5237 malitiam
1153 5125 1297 5238 'malum
1322 5133 1473 5218 sentiat,
1499 5157 1518 5200 a
1547 5157 1666 5203 rerum
1684 5138 1867 5235 emptione
1888 5114 2035 5224 repellere.

405 5239 807 5422 tztlttstlfltt
823 5219 2036 5434 tltlter:blatterare.,sennenn

407 5433 499 5508 mati
525 5449 725 5526 congruum
751 5419 951 5524 judicamus
978 5418 1150 5493 thematis
1174 5426 1320 5498 rarioris
1352 5453 1457 5524 ergo,
1490 5453 1535 5500 ne
1575 5428 1772 5506 laureolam
1816 5433 1855 5504 in
1890 5422 2034 5496 mu⁵l³⁶⁶⁰

407 5551 580 5638 quaerere
608 5525 815 5617 videamur,
838 5521 886 5596 ad
912 5517 1048 5596 facum
1078 5531 1118 5592 et
1150 5524 1308 5627 typhum
1350 5551 1427 5602 noo
1467 5529 1769 5629 inclinabimus,
1808 5551 1888 5606 cum
1923 5513 2033 5616 praete!
