4374 6216
245 199 250 208 .
362 174 471 224 27·
941 123 1169 217 1111111111.
1189 161 1372 218 etenum.
1889 157 1925 212 tt

301 268 401 319 Fatum
415 257 629 316 introducendae
647 255 837 326 appellationis
849 253 990 309 uitandum
1001 292 1008 316 ,
1019 258 1041 321 ς.
1056 257 1081 309 1.

302 349 404 418 stolia
418 343 634 400 introducendae
648 341 827 412 appellationi
838 340 1013 394 immineant?
1025 338 1049 411 5
1062 342 1087 395 5.

300 434 403 486 Fatum
416 428 611 498 supplicationi
622 443 733 480 currens
744 423 946 486 declinandum,
960 434 979 488 ς.
993 425 1021 476 6.

307 515 445 582 Quidnam
456 510 491 562 ait
504 511 597 563 istud?
608 506 633 578 5.
646 511 672 560 t.

306 595 523 668 Quaenomsatc
534 592 692 650 executioni
705 602 860 661 turronem
872 608 926 661 quo
939 593 1048 647 ratione
1057 591 1117 645 eui·

339 680 455 736 tentor?
473 689 494 744 1.
512 681 538 733 8.

303 845 325 902 ς.
347 840 372 890 1.
394 783 441 888 St
461 851 520 907 pars
542 853 571 890 se
591 834 719 889 sententia
732 842 960 904 praestumpntet,
977 834 1111 890 sublevare

299 921 397 992 poterit
409 921 600 984 executionem,
614 929 639 970 et
652 919 685 968 de
698 918 770 970 cirili
785 920 843 992 jure
862 919 941 971 etism
961 917 1115 970 declaratio-

301 1008 346 1060 nis
358 1007 502 1060 remedium
511 1013 597 1066 restat,
610 1002 651 1070 (1)
666 1001 736 1072 quod
748 1001 881 1057 saxonicis
895 999 1012 1054 moribus
1023 1002 1115 1056 obser·

301 1103 374 1145 satur
387 1092 415 1144 in
429 1089 509 1144 viridi
524 1101 549 1144 et
562 1088 648 1140 eidem
662 1086 754 1139 eadem
778 1103 846 1156 quse
865 1085 1036 1155 appelletiani
1053 1104 1115 1138 con·

298 1189 368 1226 cessa
387 1183 450 1226 suut
463 1171 562 1224 letalia.
575 1171 674 1224 Eodem
689 1171 767 1222 modo
779 1169 811 1220 de
825 1185 934 1220 romano
955 1166 1013 1221 loro
1030 1166 1115 1234 judici

298 1257 331 1313 sle
361 1258 418 1324 jure
447 1257 546 1308 incerto
575 1254 782 1307 consultationes
810 1261 837 1306 et
866 1251 1007 1305 relationes
1026 1253 1117 1304 licitae

297 1351 381 1402 eraut,
400 1337 497 1409 quibus
515 1339 596 1406 judex
609 1337 681 1390 omni
702 1346 828 1406 potestate
852 1335 986 1402 judicandi
1015 1353 1043 1388 1ο
1062 1339 1117 1408 pri·

297 1425 391 1488 rabat,
411 1433 440 1475 ut
462 1423 595 1475 sententia
619 1421 747 1490 rescripta
771 1419 900 1490 principia
926 1419 1010 1472 ricem
1037 1421 1116 1470 austi-

274 1501 281 1523 ⁸
296 1520 355 1563 nest
369 1507 416 1577 (2).
436 1507 455 1561 Δ
469 1505 662 1560 consultatione
670 1521 738 1566 sero,
747 1503 869 1572 quoniam
882 1503 990 1554 nomine
1003 1518 1048 1554 auo
1061 1519 1117 1554 eam

299 1591 489 1666 pronunciabat
500 1589 600 1660 judex,
615 1588 755 1657 appellatio
769 1603 822 1640 non
841 1597 897 1638 erat
916 1585 1052 1654 prohibita
1068 1584 1117 1655 (3).

301 1675 354 1730 set
369 1675 417 1728 boc
429 1673 614 1748 appeliationis
628 1667 784 1724 beneficium
797 1671 904 1722 sustulit
918 1669 1006 1724 bodie.
1018 1673 1118 1726 novell.

300 1762 397 1825 1151.
412 1764 436 1814 1.

336 1855 358 1910 ς.
376 1845 403 1898 2.
423 1845 547 1914 Adeoque
561 1839 701 1910 unicnique
725 1838 778 1893 nisi
798 1839 963 1910 prohibitum
981 1843 1116 1914 appellare

299 1932 361 1984 lieet
375 1929 416 2000 (1)
436 1944 563 1997 aquaque
575 1943 602 1978 ae
621 1925 750 1978 sententia
777 1925 876 1977 laesum
901 1924 1040 1989 aestimet,
1062 1926 1117 1978 sisa

299 2011 437 2068 definitiva
451 2014 491 2082 (li)
504 2011 560 2063 sire
572 2009 765 2063 interlocutoria
778 2009 823 2074 sit,
838 2005 991 2062 delinitione
1011 2009 1063 2062 rim
1082 2008 1116 2062 de

184 2125 186 2132 ·
300 2102 358 2170 jore
371 2097 443 2151 cirili
455 2096 553 2148 babent
563 2105 588 2146 et
601 2110 718 2146 camerae
731 2094 763 2145 0.
776 2092 852 2145 Cam·
876 2113 901 2163 p.
925 2095 951 2145 2.
978 2094 1018 2147 111.
1032 2094 1076 2146 211.
1093 2100 1116 2156 §.

299 2183 358 2238 und
368 2199 399 2237 so
418 2198 476 2235 uon
494 2181 542 2240 ber
559 2178 700 2232 urtlseiien.
720 2177 837 2231 Cauones
850 2187 935 2230 sutem
949 2197 962 2228 1
974 2178 1063 2248 quasis
1077 2179 1115 2230 iu·

295 2265 475 2327 terlocntoria,
486 2281 537 2332 qun
550 2265 606 2331 jure
620 2274 644 2315 et
658 2279 706 2314 nos
719 2262 826 2325 utimur,
838 2261 1041 2330 appellationem
1054 2279 1112 2314 eon·

297 2368 407 2405 cessere.
420 2349 462 2418 (d)
481 2351 537 2402 ilco
557 2356 684 2399 mutatum
703 2346 820 2398 concilio
838 2345 997 2412 tridentino,
1023 2362 1115 2398 secun·

297 2433 361 2488 dom
375 2433 488 2488 lormam
499 2433 565 2501 juris
578 2433 674 2496 civilis,
687 2431 795 2484 cortino
809 2437 916 2482 notante
928 2427 960 2480 ad
976 2430 1015 2492 ius
1037 2445 1114 2482 eano-

295 2521 386 2572 nicum
398 2519 432 2571 de
444 2516 672 2587 appellationibus.
687 2515 725 2566 its
745 2523 829 2566 tamen
841 2547 850 2575 ,
862 2521 891 2564 nt
916 2527 1004 2564 causas
1020 2514 1114 2582 appel.

296 2602 369 2658 laudi
383 2603 509 2671 speciales
521 2599 655 2671 exprimet
668 2599 845 2669 appellaturus
871 2597 905 2649 de
923 2599 1057 2650 communi
1076 2596 1115 2651 io-

301 2705 340 2740 ro.
353 2687 398 2757 (7)
407 2688 487 2738 Hisce
499 2682 724 2754 appellationibus
738 2692 764 2734 et
778 2681 983 2748 interponendis
996 2692 1020 2736 et
1035 2684 1116 2737 intro·

299 2769 426 2824 ducendis
440 2779 467 2821 et
485 2763 661 2836 justificandis
681 2773 752 2816 certa
774 2772 920 2831 temporum
944 2761 996 2815 lata
1021 2783 1114 2834 posu..

301 2865 373 2909 runt.
386 2855 591 2922 interponuntur
603 2865 664 2903 sero
675 2848 717 2901 rel
728 2847 757 2899 in
775 2845 922 2900 continenti
936 2845 976 2900 sel
989 2864 1020 2899 ea
1032 2849 1115 2900 inter·

300 2937 379 3001 vallo,
393 2934 435 2987 sin
447 2935 476 2986 io
487 2932 634 2986 continenti
647 2930 674 2980 b.
688 2947 711 2982 e.
724 2929 811 2998 judice
823 2929 855 2982 ad
881 2929 947 2982 alios
968 2937 1044 2982 aetna
1063 2946 1115 2982 uon

299 3017 450 3083 dilierente,
463 3017 519 3073 aira
536 3031 595 3069 sore
606 3011 693 3067 dicere
705 3009 804 3067 scilicit
816 3012 939 3082 appello,
953 3013 1061 3068 utactio
1074 3013 1116 3064 in·

300 3101 411 3156 iuratur.
423 3101 462 3170 (8)
477 3101 526 3154 Sin
539 3117 571 3152 er
583 3099 732 3163 intervallo,
744 3113 774 3152 ac
787 3099 810 3150 si
824 3105 843 3149 ι’
863 3091 1016 3163 definitior,
1043 3096 1116 3151 suili-

300 3185 339 3238 nit
350 3200 437 3238 cosam
451 3183 552 3238 notario
565 3191 592 3237 et
603 3183 713 3237 testibus
726 3182 869 3252 appellare,
879 3181 1114 3252 appellationisque

298 3271 508 3325 instrumentum
539 3287 590 3322 uas
618 3283 678 3320 eum
708 3267 901 3338 supplicatione
914 3265 1042 3318 exbibete
1074 3283 1113 3320 so-

300 3353 374 3420 lent,
390 3351 432 3422 (9)
445 3357 468 3407 si
480 3353 514 3406 ab
527 3351 739 3418 interlocutoria,
752 3351 829 3404 modo
842 3367 920 3418 supra
931 3351 1003 3403 dieto
1021 3349 1115 3402 inscri-

298 3438 353 3506 ptis
370 3440 510 3510 appellatio
528 3434 575 3491 liat
593 3453 698 3490 necesse
716 3444 763 3489 est.
781 3433 844 3506 (111)
869 3431 925 3487 Nec
954 3433 1001 3488 etsi
1023 3437 1113 3505 appel·

298 3522 356 3574 isus
374 3523 406 3575 ad
424 3531 480 3576 acta
498 3537 586 3574 causas
606 3515 746 3587 retulerit,
764 3518 870 3583 valebit,
889 3534 978 3574 rernm
996 3518 1113 3585 astabit,

300 3607 324 3658 si
342 3603 443 3676 aliquid
462 3604 494 3656 sd
513 3601 582 3674 qood
601 3620 629 3656 se
648 3602 755 3669 celerat,
773 3602 930 3670 exprimat,
959 3601 993 3653 de
1011 3601 1112 3670 reliquo

299 3686 332 3739 ad
351 3699 406 3742 acta
426 3703 454 3740 ae
471 3675 571 3740 selesit
588 3685 651 3758 (11)
670 3685 747 3738 modo
764 3684 860 3737 nostris
885 3682 914 3734 in
942 3681 1019 3734 terris
1045 3682 1116 3734 intra

299 3768 470 3833 decendium,
491 3769 636 3838 (12)((11111
655 3786 785 3838 nunquam
804 3767 1043 3840 prorogatuntld)
1063 3764 1116 3818 nisi

299 3855 434 3925 appellans
451 3869 480 3908 se
498 3852 640 3907 nescirisse
656 3854 736 3904 iatam
755 3852 912 3904 sententiam
922 3889 930 3918 ,
941 3849 999 3919 (11)
1011 3850 1051 3904 tel
1065 3867 1116 3903 non

300 3935 418 4008 potuisse
435 3937 573 4006 appellare,
592 3934 699 3990 edocere
717 3935 801 4006 possit
822 3933 894 4005 (111).

337 4029 359 4084 t.
378 4021 404 4073 ³.
423 4025 524 4077 Verum
543 4020 592 4074 boc
607 4019 669 4074 lieet
688 4019 753 4074 iacto
771 4017 825 4070 nisi
843 4019 912 4071 intra
930 4014 1116 4089 3111111111ιί

299 4103 459 4177 appellarit,
475 4103 623 4176 apostolos,
641 4103 735 4173 quibus
753 4101 870 4172 judicem
897 4099 1055 4170 denegatio
1073 4101 1115 4156 in·

329 4367 366 4427 (1)
382 4369 400 4416 l.
416 4368 440 4417 1.
457 4373 513 4430 51.
529 4373 555 4418 ff.
572 4373 600 4418 de
615 4371 721 4433 appellat.

328 4439 366 4499 (2)
392 4441 440 4488 1.t.
458 4460 477 4489 e.
495 4445 523 4489 de
539 4445 603 4490 relat.
621 4447 639 4492 l.
658 4443 901 4508 131111111111111.

329 4511 366 4572 (3)
381 4515 398 4560 l.
414 4512 437 4561 2.
453 4533 474 4562 1.
491 4517 521 4561 111
536 4517 644 4577 appellat·

327 4586 365 4644 (1)
382 4589 398 4634 Ι.
414 4587 454 4636 30.
471 4593 499 4636 (11
516 4591 623 4650 appellat.

329 4658 366 4718 (5)
382 4665 444 4708 autb.
461 4679 518 4708 noso
531 4663 583 4726 jure
599 4679 619 4710 e.
634 4665 663 4710 de
678 4665 741 4713 relat.

328 4734 366 4790 (6)
381 4751 401 4780 1.
419 4733 457 4780 12.
475 4753 494 4781 1.
511 4737 550 4782 17.
565 4737 595 4783 Χ.
613 4739 640 4783 de
657 4740 740 4800 appell.

325 4803 1086 4880 (nmmnpmnmmnmtentnnmmi

326 4878 364 4940 (8)
378 4880 396 4926 1.
414 4877 436 4928 2.
452 4883 477 4928 ff.
493 4885 521 4930 de
537 4885 644 4944 appellat.

326 4952 362 5014 (9)
378 4957 497 5002 Suanman.
513 4973 609 5019 process.
626 4977 682 5008 eam.
699 4963 741 5010 lib.
758 4961 782 5010 2.
799 4980 819 5010 1.
836 4966 859 5010 1.
876 4980 900 5010 n.
918 4965 957 5015 19.

329 5028 385 5091 (10)
399 5031 491 5092 Speenl.
509 5030 588 5080 11112.
606 5051 630 5094 p.
646 5033 669 5080 3.
686 5037 714 5082 de
729 5037 814 5099 appell.
831 5043 851 5097 5.
867 5040 891 5087 6,
909 5055 931 5086 n·
950 5043 972 5087 1.

325 5109 379 5166 (11)
394 5109 491 5155 Barlicb.
508 5127 532 5171 p.
551 5112 573 5157 1.
590 5113 688 5159 cenatus.
705 5113 747 5163 50.
762 5131 784 5162 u.
803 5113 856 5163 103.

328 5182 459 5243 (12)111111.
476 5187 543 5233 bodie
558 5201 579 5233 e.
593 5189 622 5234 de
637 5191 723 5252 appalb
740 5189 833 5238 Novell.
851 5187 890 5236 23.
907 5207 926 5238 1.
944 5193 967 5237 1.

326 5257 379 5318 (13)
394 5278 413 5305 1.
431 5259 454 5310 8.
471 5263 500 5308 de
515 5264 601 5325 appell·
620 5267 644 5310 in
660 5274 728 5311 sesto.

324 5334 377 5392 (11)
392 5335 410 5380 i.
428 5337 450 5383 1.
467 5341 488 5396 ς.
504 5339 547 5384 nit.
563 5339 588 5387 ff.
605 5343 694 5401 qnando
708 5338 815 5401 appellat.

326 5409 380 5467 (15)
394 5427 415 5454 1.
432 5409 456 5456 2.
473 5429 512 5473 qn.
527 5414 551 5462 6.
568 5429 614 5477 erp.
631 5417 648 5462 l.
665 5413 748 5464 511.
763 5415 938 5464 1111111111111.

326 5483 380 5541 (16)
394 5483 412 5530 Ι.
426 5481 465 5532 21.
482 5502 502 5532 t.
518 5489 547 5534 de
562 5500 615 5549 epp.

330 5558 383 5621 (17)
398 5558 494 5608 limant.
511 5577 535 5625 p·
552 5561 576 5613 ti·
594 5565 621 5610 sis
637 5563 720 5627 appell.
740 5581 762 5612 n.
781 5561 837 5614 220.

1166 268 1265 321 struat,
1286 265 1369 326 petat,
1391 251 1462 308 idem
1492 263 1531 308 est
1563 269 1593 308 ae
1610 249 1634 307 sl
1658 250 1804 324 appellatio
1823 249 1988 320 interposita.

1165 353 1298 406 nusquam
1317 337 1417 390 inisset.
1446 335 1504 403 (16)
1535 337 1587 390 snt
1610 337 1690 389 currit
1717 335 1799 388 istium
1819 354 1833 386 a
1851 335 1980 388 scientiae

1165 423 1230 476 istae
1248 418 1459 486 sententisedie,
1479 420 1522 474 eui
1540 419 1696 472 decendium
1711 419 1866 487 imputator.
1880 417 1902 470 si
1917 434 1979 471 sero

1165 505 1296 574 appellare
1313 521 1365 556 non
1385 504 1479 567 saluit,
1505 519 1554 556 nee
1571 501 1655 555 istum
1676 518 1693 552 n
1711 511 1833 554 eumenio
1859 515 1916 554 etse
1933 515 1980 569 pn·

1167 589 1239 643 terit.
1253 588 1312 658 (i'l)
1326 587 1552 658 Quemadmodum
1565 587 1595 638 in
1611 600 1727 638 camsme
1737 583 1884 638 observatis
1901 584 1981 652 plane

1165 691 1218 728 noo
1239 673 1349 727 babetur
1366 671 1427 741 (18)
1445 672 1545 724 uostris
1563 669 1682 723 mosibus
1709 669 1826 738 triplices
1844 663 1899 720 lere
1917 673 1981 718 sunt

1164 758 1294 826 apostoli,
1312 759 1353 810 sel
1371 755 1575 820 reverentiam,
1592 753 1688 822 quibus
1704 753 1804 806 certior
1821 747 1902 820 judex
1913 744 1959 802 tias
1969 787 1979 814 ,

1164 841 1333 910 appellationi
1350 855 1410 892 oum
1433 837 1609 902 dubitaretur,
1634 835 1748 892 delatum
1774 852 1831 889 esse
1856 832 1915 902 (19)
1940 835 1983 888 sei

1163 926 1310 980 relutatcrii
1327 923 1422 995 quibus
1432 922 1599 992 appellationi
1617 935 1663 974 esu
1681 919 1788 974 lrisoiae
1799 918 1914 982 delatum
1927 933 1982 970 non

1164 1027 1220 1066 esse
1239 1006 1421 1078 significatur,
1438 1008 1495 1076 (20)
1513 1006 1555 1060 sei
1572 1005 1778 1068 testimoniales,
1791 1002 1888 1072 quibus
1901 1021 1915 1054 a
1929 1019 1978 1054 no-

1165 1097 1230 1150 tario
1242 1095 1443 1164 appellationem
1459 1090 1551 1144 iactam
1565 1105 1639 1156 esse,
1654 1087 1835 1144 testimoninm
1857 1085 1981 1156 perbibe-

1164 1193 1213 1245 tor,
1231 1179 1291 1251 (21)
1308 1179 1403 1249 quibus
1419 1177 1498 1246 judex
1516 1175 1628 1230 interior
1651 1191 1701 1244 pro
1724 1187 1754 1226 re
1771 1182 1828 1225 nats
1855 1169 1886 1220 sd
1906 1184 1982 1238 supe·

1164 1265 1262 1318 tiorem
1281 1264 1477 1318 informandum
1495 1274 1590 1327 utetur,
1607 1259 1652 1314 sed
1672 1260 1694 1310 si
1713 1256 1745 1312 ad
1766 1255 1922 1326 petitionem
1936 1253 1980 1309 dr·

1165 1348 1297 1417 nepsserit
1314 1349 1463 1418 apostolos,
1481 1348 1540 1417 ipse
1557 1361 1629 1398 suam
1648 1341 1806 1396 senteutiam
1826 1347 1981 1392 retractasse

1166 1432 1358 1502 praesumitur,
1377 1436 1498 1501 partique
1516 1433 1601 1484 111111
1619 1443 1651 1480 ex
1668 1424 1787 1498 propriis
1805 1425 1933 1476 resarcire
1947 1431 1982 1474 te·

1166 1527 1242 1570 netur
1261 1520 1385 1570 damnum
1402 1517 1470 1584 (22).

1201 1607 1223 1663 ς.
1241 1599 1267 1652 1.
1286 1599 1438 1670 lmpetratis
1456 1597 1581 1666 apostolis
1600 1594 1739 1664 appetisns
1752 1608 1779 1645 se
1796 1587 1924 1660 aup'erioti
1937 1591 1981 1657 ju·

1164 1683 1218 1734 dici
1232 1683 1311 1749 sistit,
1323 1699 1410 1735 coram
1425 1682 1472 1734 hoo
1486 1679 1690 1751 appellationem
1703 1673 1861 1738 introducat,
1870 1686 1893 1726 et
1909 1671 1983 1725 inbi-

1163 1766 1293 1820 bitiunem
1312 1767 1343 1818 ad
1361 1765 1493 1834 judicem,
1510 1782 1526 1816 a
1544 1781 1595 1833 quo
1614 1761 1749 1831 impetret,
1767 1759 1837 1826 quad
1856 1757 1878 1809 si
1891 1757 1979 1825 negle-

1164 1851 1235 1902 xerit
1253 1866 1306 1902 non
1325 1850 1444 1914 auditor,
1463 1848 1509 1901 sed
1526 1849 1662 1916 expirasse
1679 1842 1836 1910 intelligitur
1864 1841 1981 1910 appella·

1166 1936 1211 1988 tio.
1224 1933 1286 2004 (23)
1295 1933 1411 1988 Eritabit
1422 1932 1493 1996 ¹lton,
1511 1933 1533 1984 si
1553 1927 1701 1998 probaverit
1719 1925 1869 1980 inevitabile
1892 1925 1981 1976 obsta·

1163 2020 1259 2084 cutum,
1270 2039 1322 2090 quo
1335 2019 1422 2072 minus
1436 2015 1625 2069 inhibitionem
1640 2013 1755 2082 petierit,
1767 2009 1910 2064 obstitisse.
1920 2006 1981 2077 (21)

1163 2102 1272 2156 Interim
1292 2102 1372 2156 etiam
1392 2101 1456 2153 baec
1473 2094 1630 2150 introductio
1648 2095 1702 2148 lato
1715 2091 1916 2159 circumscripta
1928 2099 1979 2153 est,

1162 2189 1195 2242 de
1213 2205 1322 2242 romano
1339 2190 1397 2256 jure
1417 2185 1531 2238 termino
1550 2179 1723 2234 arbitrarius
1741 2175 1830 2245 judica
1845 2173 1981 2242 assignan-

1164 2278 1207 2340 do,
1216 2274 1249 2328 de
1260 2261 1489 2327 consuetudinario
1502 2284 1562 2322 sero
1574 2263 1760 2336 plerumqueli.
1773 2260 1914 2314 mensibus.
1922 2256 1983 2326 (211)

1163 2362 1235 2414 lntra
1248 2375 1313 2428 qnae
1325 2368 1443 2426 tempusa
1457 2352 1606 2408 citationem
1624 2348 1739 2417 ajudiee
1750 2347 1784 2400 ad
1799 2361 1877 2416 mrem
1896 2343 1982 2412 impe-

1164 2454 1257 2498 tratam
1272 2442 1342 2512 parti
1354 2441 1478 2496 adsertae
1490 2435 1611 2490 insinuet
1621 2443 1701 2503 atque
1719 2431 1749 2484 in
1771 2427 1873 2499 judicio
1890 2441 1980 2496 repro·

1161 2525 1319 2595 (111111.(211)

1198 2616 1220 2670 ς.
1240 2609 1265 2660 tt.
1285 2609 1330 2662 Sic
1346 2606 1416 2660 intra
1435 2621 1480 2660 ses
1497 2603 1577 2658 bosco
1593 2616 1697 2656 menses
1715 2599 1744 2654 iu
1757 2594 1928 2652 interioribus
1939 2597 1980 2664 ja·

1165 2691 1245 2745 diciis
1264 2689 1312 2744 liet
1329 2691 1441 2755 citatio,
1460 2685 1607 2758 (27)(11111
1627 2687 1650 2738 si
1668 2692 1780 2753 utraque
1804 2697 1866 2750 pars
1889 2695 1980 2734 eman·

1163 2777 1229 2828 serit
1248 2775 1376 2829 terminus
1393 2781 1547 2845 prorogatun
1565 2779 1703 2834 mutetur,
1715 2777 1785 2820 actos
1797 2779 1920 2818 emanent
1932 2780 1980 2832 ap·

1163 2856 1332 2927 pollutionem
1351 2856 1479 2910 desertam
1499 2853 1578 2918 111111
1609 2855 1637 2906 iu
1669 2867 1716 2907 reo
1732 2849 1802 2920 quod
1821 2851 1849 2900 in
1868 2845 1982 2902 antisse

1163 2938 1314 2996 fundaverit
1330 2943 1400 3009 jam,
1427 2940 1500 3007 rigor
1520 2939 1567 2992 iste
1585 2935 1699 2990 istorum
1726 2930 1904 3001 111111,(28)
1923 2939 1981 2982 1111

1163 3033 1248 3077 umen
1266 3033 1327 3076 ante
1340 3021 1482 3074 dimidium
1504 3019 1620 3089 integrae
1636 3017 1817 3090 appellationis
1830 3008 1983 3082 justifican-

1165 3107 1213 3161 dae
1229 3105 1318 3161 iatalie
1334 3109 1437 3174 lapsum
1456 3102 1683 3172 1111111111.(22)
1712 3100 1757 3155 1111
1786 3109 1872 3154 autem
1895 3095 1981 3150 latam

1163 3191 1235 3246 istud
1254 3191 1286 3243 dc
1305 3207 1372 3244 noso
1388 3191 1446 3257 jore
1462 3189 1557 3240 annale
1574 3186 1725 3256 reputantes
1749 3181 1810 3255 (311)
1831 3201 1845 3234 1
1874 3181 1919 3234 die
1938 3181 1978 3234 in·

1164 3274 1306 3344 terpoaitae
1323 3271 1516 3343 appellationis,
1534 3287 1587 3322 nno
1605 3269 1639 3324 de
1657 3277 1791 3324 momento
1810 3265 1839 3318 in
1864 3283 1982 3322 momen·

1164 3367 1243 3422 tum,
1266 3359 1389 3426 qnoniam
1413 3366 1472 3409 tuno
1494 3353 1684 3424 appellationis
1712 3352 1770 3404 diss
1788 3367 1843 3404 nou
1861 3369 1980 3406 numera·

1165 3448 1232 3493 tur.
1262 3440 1314 3494 Sed
1333 3441 1357 3493 si
1385 3443 1451 3507 justa
1480 3452 1556 3490 causa
1586 3433 1745 3499 emenerit,
1772 3433 1807 3486 ad
1841 3433 1983 3490 biennium

1163 3521 1245 3575 iatum
1265 3524 1314 3578 boc
1330 3523 1515 3576 extendemut
1531 3522 1597 3588 jura.
1614 3517 1677 3587 (31)
1694 3520 1882 3573 Verumtamen
1899 3516 1984 3572 istum

1165 3605 1213 3658 boc
1230 3623 1285 3658 uon
1302 3606 1395 3670 currit,
1416 3605 1440 3659 ei
1457 3619 1519 3658 caso
1537 3601 1636 3655 iactum
1655 3601 1879 3672 impedimentum
1897 3601 1984 3656 obsta·

1163 3689 1221 3742 culo
1233 3686 1323 3752 inerit,
1336 3704 1396 3739 nam
1408 3703 1473 3755 qnae
1484 3701 1612 3756 quemque
1620 3695 1726 3740 manent
1736 3686 1982 3757 praevidereqcan

1166 3773 1249 3826 vitare
1263 3769 1366 3824 facilius
1379 3782 1435 3838 est,
1448 3773 1489 3824 rei
1503 3771 1526 3824 si
1539 3777 1677 3840 paupertas
1691 3806 1699 3835 ,
1724 3769 1802 3840 (quae
1826 3771 1984 3824 aestimetur

1168 3857 1251 3911 tradit
1267 3856 1404 3925 Mynsing.
1416 3862 1520 3908 cernar.
1533 3853 1559 3904 11.
1570 3853 1627 3908 obs·
1640 3853 1697 3923 57.)
1711 3851 1840 3926 impediat
1852 3855 1982 3926 appellan-

1167 3938 1195 3990 di
1215 3938 1363 3992 laenitatem
1377 3939 1436 4009 (32)
1448 3937 1487 3990 111
1514 3933 1629 3989 11111111
1652 3933 1702 3988 boc
1722 3936 1836 4005 partium
1854 3951 1986 3989 conseusu

1167 4021 1246 4076 inerit
1273 4033 1436 4091 prorogatum
1449 4020 1509 4090 (33)
1519 4037 1586 4090 qnae
1606 4018 1673 4072 ratio
1691 4016 1776 4080 lacit,
1794 4026 1822 4072 ut
1841 4018 1935 4070 multus
1954 4019 1984 4072 in

1168 4121 1251 4164 anuos
1263 4120 1341 4177 saepe
1351 4105 1555 4176 appetistionum
1568 4117 1703 4174 processus
1713 4099 1865 4170 tecnam,
1883 4103 1984 4156 conclu

1194 4352 1494 4414 (48)Pstmsl·'rid.ldindan.
1511 4355 1539 4401 de
1555 4371 1615 4416 prce.
1632 4357 1656 4402 in
1671 4355 1866 4403 emanabit.
1883 4372 1904 4404 a.
1921 4371 1944 4406 n.
1960 4353 1985 4404 0.

1195 4431 1247 4492 (19)
1263 4449 1283 4476 e.
1302 4435 1367 4480 1.11ο
1383 4433 1467 4494 appell·
1484 4435 1509 4478 in
1526 4443 1582 4481 sert.

1194 4504 1252 4565 (20)
1266 4506 1283 4551 l.
1300 4506 1325 4553 6.
1341 4507 1365 4552 tf.
1382 4508 1410 4552 de
1426 4523 1478 4568 app.
1493 4509 1565 4569 recip.

1195 4579 1247 4641 (21)
1263 4599 1283 4626 1.
1301 4583 1339 4627 fin.
1352 4581 1382 4628 Χ.
1399 4581 1427 4627 da
1443 4598 1495 4642 app.

1195 4653 1248 4716 (22)
1262 4657 1322 4704 Nor.
1341 4655 1396 4705 126.
1413 4673 1433 4700 1.
1450 4654 1473 4701 3.

1194 4727 1376 4788 (23)(1111111.
1393 4731 1436 4775 lib.
1456 4733 1478 4776 1.
1495 4729 1593 4776 conclus.
1611 4729 1652 4782 40.

1156 4803 1643 4879 ¹(nnmnrmnnnttnar.

1194 4879 1248 4942 (25)
1262 4883 1379 4941 ldpusinp.
1395 4890 1481 4926 centur.
1499 4880 1521 4927 5.
1538 4881 1586 4927 obs·
1606 4881 1645 4928 57.

1194 4955 1325 5016 (26)(1111.
1342 4956 1384 5001 lib.
1403 4957 1425 5000 1.
1441 4955 1490 5002 oba.
1509 4953 1563 5002 110.
1581 4955 1645 5001 1.1.

1193 5027 1248 5088 (27)
1262 5029 1280 5074 1.
1295 5029 1319 5076 1.
1336 5037 1356 5075 b.
1371 5031 1399 5074 sie
1414 5037 1481 5089 temp.
1498 5029 1583 5089 appell.

1195 5101 1248 5164 (20)
1264 5105 1280 5148 l.
1296 5101 1319 5148 3.
1336 5118 1356 5148 a.
1373 5105 1398 5154 d.
1413 5113 1429 5149 t.
1448 5103 1465 5147 l.
1481 5100 1507 5148 2.
1523 5119 1542 5148 1.
1557 5105 1585 5149 de
1599 5104 1694 5152 edendo.

1195 5177 1248 5238 (29)
1262 5177 1279 5222 l.
1296 5177 1318 5224 5.
1334 5181 1353 5234 ς.
1369 5175 1393 5224 1.
1409 5192 1430 5223 1.
1446 5177 1475 5222 de
1490 5182 1559 5236 temp.
1575 5175 1659 5237 appell.

1194 5248 1248 5312 (30)
1264 5253 1327 5298 Gail.
1342 5252 1383 5297 lib.
1401 5257 1423 5296 1.
1439 5251 1487 5296 obs.
1505 5252 1527 5296 1.
1543 5249 1596 5297 den.
1614 5253 1636 5298 1.

1194 5323 1318 5384 (31)11.1.
1335 5325 1358 5372 5.
1374 5329 1393 5382 ς.
1410 5325 1434 5372 1.
1450 5342 1471 5370 c.

1194 5396 1247 5458 (32)
1262 5413 1308 5458 arg.
1324 5399 1342 5446 l.
1358 5397 1398 5447 76.
1410 5399 1435 5445 ff.
1450 5403 1574 5460 deproenr.

1193 5469 1246 5534 (33)
1261 5471 1356 5520 1111111.
1371 5471 1410 5521 93.
1427 5489 1447 5522 c.
1465 5475 1488 5522 1.
1504 5477 1566 5524 antis.
1582 5475 1604 5524 ai
1627 5475 1724 5528 1111
1742 5491 1844 5548 tempor.
1865 5482 1974 5549 appellat.
