4374 6216
372 297 408 348 33
938 289 1130 348 ntsrt'TtT.
1150 289 1186 344 ll.
1206 290 1322 348 CAPUT
1345 293 1380 348 lt.
1913 295 1948 350 33

324 395 439 460 Quando
444 389 578 466 judicium
587 395 667 456 potus
680 385 772 440 amari
780 385 865 438 locum
879 383 1013 441 labuerit?
1025 407 1052 440 n.
1066 389 1109 439 33.

1205 389 1345 444 Deciditur
1356 400 1450 444 tamen
1463 388 1584 459 negative
1596 407 1656 444 cum
1672 389 1730 445 isto.
1742 411 1768 445 n.
1781 391 1825 444 70.

316 479 369 532 rus
382 475 520 532 occidendi
531 474 724 544 deprehensum
738 473 767 521 iu
786 470 919 526 adulteria
931 472 1149 538 apudIdebraeos
1201 471 1320 526 Ratione
1332 473 1471 527 decidendi
1480 474 1510 524 in
1523 474 1696 530 matrimonii
1709 476 1813 530 uinculo
1826 485 1874 530 est.
1888 493 1916 530 n·
1928 477 1974 530 71.

348 581 406 616 non
419 561 559 626 peculiare
576 551 784 623 maritissuisse
796 555 920 621 videtur,
938 558 987 612 red
1005 573 1149 612 commune
1200 555 1373 612 Adulterium
1387 560 1416 610 in
1425 573 1528 623 spousa
1539 577 1647 629 quoque
1659 559 1824 614 uindicatur.
1838 580 1865 614 n.
1878 561 1924 614 73.

344 647 395 718 jus
410 645 583 697 Zelatarum.
597 659 626 692 n.
641 639 688 691 36.

321 729 403 799 Origo
410 728 486 800 juris
498 724 676 780 Zelatarum.
692 740 721 772 n.
735 721 777 774 37.

313 816 475 869 Illustratur
487 808 634 878 exemplis-
651 826 677 859 n.
693 807 736 858 33.

219 932 223 948 .
316 897 429 948 Abusus
442 894 523 960 lucius
529 893 612 964 juris.
627 908 654 942 u.
674 889 720 939 33.

314 975 500 1029 israelitarum
532 972 649 1026 moribus
661 988 718 1022 non
729 967 826 1022 licebat
844 971 872 1021 in
890 969 1067 1023 matrimonio
1089 971 1150 1026 reti·

357 1077 421 1114 nere
432 1057 590 1119 adulteram,
602 1073 650 1106 nec
663 1053 745 1106 miser
757 1053 863 1108 icortlia
876 1053 918 1106 sic
932 1053 1078 1108 excusabat
1090 1071 1137 1107 ma

361 1146 454 1196 ritum·
469 1160 496 1194 n.
507 1140 549 1190 30.

326 1225 496 1296 Explicatur
506 1219 627 1276 ulterius.
641 1237 668 1271 n.
681 1221 724 1270 31.
739 1219 785 1270 33.

323 1307 453 1363 Aliarum
465 1303 585 1378 gentium
597 1323 658 1358 cum
671 1303 812 1372 Israelitis,
825 1303 876 1358 isac
888 1303 989 1360 intuitu
1001 1321 1146 1359 commune

355 1393 414 1464 jur.
427 1391 512 1445 n.³3.

325 1483 354 1533 A
368 1497 384 1530 u
402 1475 516 1529 maritus
528 1471 665 1528 trucidans
678 1469 828 1527 adulterum
842 1469 870 1524 in
890 1469 1056 1527 conscientia
1075 1482 1147 1526 tutus

361 1558 517 1616 uirtuti.

327 1649 419 1716 Negat
432 1645 527 1698 Antoa.
540 1643 637 1697 matth.
650 1641 682 1694 de
694 1641 770 1694 crim.
785 1639 818 1693 sd
828 1639 876 1694 lib.
889 1640 932 1692 33.
950 1639 993 1694 tit.
1007 1643 1032 1696 3.
1045 1659 1068 1694 a.
1082 1642 1108 1696 3.
1120 1660 1146 1694 n.

362 1731 404 1782 13.
424 1747 452 1782 n.
467 1729 509 1780 33.

327 1816 463 1888 Asfirmat
476 1821 592 1878 auctor,·
613 1810 732 1882 quamvis
744 1807 828 1866 tutius
840 1818 914 1879 agat,
926 1806 951 1860 si
962 1806 1008 1862 isli
1024 1817 1127 1878 parcat
1139 1844 1146 1858 .

365 1919 392 1952 n.
419 1899 462 1950 36.

328 1985 501 2044 permissivo
518 1984 565 2036 lea·
577 1997 644 2034 vera
657 1979 704 2031 lea
717 1988 761 2032 est.
776 1997 803 2032 n.
816 1978 860 2032 37.

329 2067 518 2142 despondetur
529 2061 683 2138 objectioni.
697 2081 724 2112 n.
739 2063 781 2114 33.

329 2158 387 2209 Jus
402 2151 495 2206 mariti
505 2145 644 2204 occidendi
655 2145 818 2211 adulterum,
831 2146 910 2218 quale
919 2148 984 2218 p'ure
1006 2162 1120 2200 romano
1134 2144 1149 2196 l

366 2259 396 2292 n.
417 2239 461 2290 33.

328 2329 391 2380 Nan
406 2338 513 2378 omnem
528 2317 678 2373 adulterum
692 2331 723 2368 ea
732 2311 798 2382 jure
808 2313 872 2368 licet
883 2315 994 2382 impune
1006 2311 1129 2366 accidere
1142 2352 1148 2365 .

366 2429 394 2464 η.
420 2407 463 2457 30.

338 2499 385 2552 An
400 2486 517 2544 interdiu
529 2483 740 2556 deprehensum?
758 2502 786 2536 n.
800 2481 843 2534 31.

330 2581 380 2631 Au
393 2578 419 2627 in
433 2571 583 2647 praeludiis
593 2568 810 2632 deprehensum?
823 2587 851 2621 n.
864 2567 906 2618 33.

330 2665 381 2718 An
409 2660 524 2712 maritus
546 2652 712 2708 contumelia
736 2649 850 2725 afficere
867 2658 954 2720 potest
976 2647 1148 2704 adulterum?

369 2760 397 2795 n.
423 2741 467 2794 33.

329 2829 424 2884 313333
437 2823 589 2891 Anglarum
603 2818 733 2874 insimili.
747 2837 774 2868 u.
789 2817 831 2868 33.

330 2921 432 2968 laena
446 2904 668 2963 ernascutatiauis
680 2913 765 2956 cessat
778 2901 808 2956 in
822 2900 977 2956 Germania.
991 2918 1017 2955 n.
1032 2901 1074 2956 33

333 2994 500 3060 Asssplt'atur.
514 3009 542 3044 rt.
554 2990 598 3042 36.

335 3082 393 3133 Nec
399 3079 464 3150 jure
477 3091 573 3129 canon.
586 3069 744 3140 approbata.
764 3085 792 3121 n.
805 3066 849 3119 37.

332 3169 369 3221 13
385 3161 499 3218 arbitrio
515 3157 609 3212 mariti
619 3165 668 3224 est,
680 3165 771 3208 ussum
784 3149 906 3208 occidere
919 3151 981 3207 uelit
998 3151 1153 3208 adulterum

370 3267 409 3303 an
423 3263 528 3300 nomn.
541 3243 587 3295 33.

257 3397 259 3403 .
334 3337 519 3390 Damuautur
532 3323 775 3395 Neapolitanorum
789 3337 880 3377 mores
892 3321 961 3376 lanc
970 3323 1000 3375 in
1014 3337 1116 3375 rernm.
1122 3321 1155 3373 33

335 3419 454 3478 Maritus
467 3407 632 3470 lenocinium
647 3404 772 3472 incurrit,
784 3406 810 3459 si
818 3405 934 3461 miseria.
946 3421 1004 3458 nan
1020 3402 1155 3461 irascatur

326 3507 330 3514 '
371 3499 495 3554 adultero
513 3504 537 3547 er
551 3490 702 3547 adulterae.
716 3507 743 3542 n.
759 3489 802 3542 30.

335 3582 428 3641 Pretii
439 3579 549 3634 nomine
562 3596 617 3647 qua
629 3573 796 3628 lenocinium
808 3569 913 3626 inducit
932 3586 1015 3625 omne
1033 3586 1154 3638 campen·

376 3665 449 3718 dium
462 3660 543 3714 uenit.
555 3676 584 3712 n·
599 3658 643 3709 31.

336 3754 436 3807 Poena
450 3741 581 3799 lenocinii
589 3741 719 3812 capitata.
732 3755 759 3793 n.
774 3737 816 3788 13.
837 3737 861 3803 §.
882 3739 907 3788 t.
926 3746 953 3788 et
975 3745 1056 3788 const.
1077 3735 1154 3791 arim.

375 3845 422 3888 erl.
436 3831 497 3882 333.
512 3848 540 3880 n.
554 3828 599 3879 333.

338 3919 402 3971 Nou
417 3915 497 3969 etiam
508 3930 544 3966 eu
556 3912 576 3963 l.
589 3908 671 3979 julia·
685 3905 778 3976 luoad
789 3905 926 3962 maritum.
939 3923 967 3958 n.
980 3905 1022 3958 33.

339 4005 390 4054 Au
402 3999 482 4052 tsadie
493 3993 638 4064 transigere
640 3991 693 4062 sas
706 3989 742 4044 sit
753 3989 853 4044 marito
866 3989 900 4042 de
908 3988 1040 4044 adulteria
1051 3991 1156 4045 muts.

377 4082 522 4138 33331.

339 4171 480 4226 Sententia
493 4161 641 4234 Cutprorii.
655 4179 681 4212 rt.
696 4159 739 4212 33.

342 4251 530 4319 respondetur
542 4244 580 4300 ad
592 4243 685 4298 dubia.
698 4261 725 4294 n.
740 4241 782 4293 33.

342 4334 505 4390 intercessio
520 4327 646 4402 conjugis
658 4328 692 4380 ol
706 4320 870 4378 misericord·
884 4331 961 4375 cetra
972 4323 1160 4397 amnem'poe·

377 4435 441 4472 nam
456 4432 512 4468 non
524 4414 604 4479 ponit
616 4407 748 4465 adulterii
759 4425 846 4470 rem,
859 4424 908 4460 nac
917 4405 1025 4478 penitus
1048 4408 1157 4464 1313133-

379 4501 454 4555 denti
465 4499 582 4570 impunis
594 4505 643 4548 est·
659 4512 684 4546 n.
699 4492 742 4543 37.

344 4589 392 4642 An
407 4579 562 4638 intercessio
575 4577 656 4630 etiam
669 4574 698 4629 in
709 4575 850 4645 duplicato
859 4573 992 4631 adulterio
1003 4579 1088 4646 prosit
1098 4597 1161 4650 par·

379 4671 401 4723 ti
415 4663 544 4720 nocenti?
557 4681 584 4714 n.
597 4660 640 4715 33.

348 4749 588 4824 Quidtmcrasioue
601 4741 758 4798 Saauniate
771 4752 796 4794 es
806 4741 946 4798 Manliae
959 4759 1047 4797 mores
1058 4745 1161 4800 uelint?

381 4855 411 4888 n.
429 4833 473 4886 33.

344 4915 512 4986 Eretralegis
531 4896 620 4966 ciuilis
640 4911 683 4963 cel
701 4910 797 4966 staturi
812 4922 977 4982 respectum,
1004 4913 1159 4970 intercessio

380 5003 504 5078 conjugis
517 5017 574 5052 non
587 4996 756 5050 extendenda
771 5008 810 5050 est
823 5000 860 5050 ad
872 4997 1035 5067 duplicatum
1055 4999 1159 5054 adstite-

383 5087 463 5142 rium.
477 5103 502 5135 u.
518 5085 563 5135 33.

350 5177 424 5241 (luae
436 5165 564 5239 opinioni
574 5166 634 5220 duic
648 5165 793 5219 uideantur
804 5165 968 5235 repugnare?
979 5183 1008 5219 n.
1020 5167 1065 5220 33.

348 5251 537 5324 Respondetur
551 5248 755 5318 objectionum.
769 5267 795 5300 n.
809 5248 851 5299 63.
866 5251 910 5300 33.

346 5337 376 5388 Si
387 5333 518 5390 innocens
529 5331 632 5400 coniux
644 5331 815 5385 intercederet
826 5349 876 5395 pro
888 5343 966 5402 parte
978 5349 1027 5387 rea
1041 5333 1110 5398 ,ttta
1121 5353 1160 5389 ce·

383 5437 414 5472 ro
431 5419 520 5470 mallet
535 5429 649 5470 mortem
661 5417 762 5481 subire,
774 5435 810 5470 an
821 5417 911 5489 judea
935 5417 1017 5490 liujus
1036 5418 1164 5474 electioni

383 5501 489 5555 statis?
510 5519 537 5552 u.
552 5502 595 5553 37.

349 5587 521 5660 Propanitur
534 5585 659 5654 carpum.
672 5583 772 5649 opinio.
787 5601 813 5634 n.
825 5584 870 5635 63.

354 5679 430 5745 <luce
442 5673 468 5727 ei
478 5671 621 5727 rideantur
632 5667 756 5724 obstare?
771 5686 799 5722 n.
814 5667 858 5720 33.

1200 639 1265 691 Nou
1278 653 1368 694 aurem
1384 642 1477 695 ultimo
1490 642 1635 708 supplicio,
1648 644 1689 697 uti
1698 643 1727 696 in
1740 661 1836 698 usare.
1848 661 1875 698 n.
1888 645 1934 698 73.

1201 722 1282 775 ilatio
1293 723 1465 790 diversitatis,
1477 745 1504 779 n.
1516 724 1560 777 73.

1203 806 1338 872 objicitur
1351 810 1429 862 Deut.
1443 810 1488 861 33.
1501 826 1525 860 r.
1537 809 1581 860 33.
1595 826 1623 861 n.
1638 809 1681 860 73.
1770 854 1774 862 .

1200 889 1393 956 respondetur,
1408 904 1432 944 et
1442 890 1659 959 desponsationis
1668 890 1725 944 alia
1732 893 1803 945 ratio
1815 891 2015 966 apudjudaeou

1233 990 1265 1025 aa
1276 974 1353 1040 apud
1362 976 1523 1028 christianos
1526 972 1618 1043 fuisse
1627 973 1788 1042 perbihetur.
1806 993 1834 1029 rs.
1853 979 1896 1030 77.

1197 1056 1258 1110 less
1272 1062 1306 1112 de
1324 1078 1417 1126 poena
1431 1057 1582 1130 afficiendo
1594 1058 1715 1112 adultero
1728 1070 1754 1110 et
1762 1074 1860 1126 sponsa
1876 1063 2015 1136 adultera,

1235 1141 1425 1210 nonfisrensis
1437 1161 1517 1208 mere,
1530 1143 1578 1196 333
1589 1141 1703 1197 moralis
1716 1142 1795 1195 etiam
1806 1163 1839 1199 eo
1850 1143 1949 1203 intuitu
1963 1161 2010 1205 est.

1233 1243 1264 1278 n.
1280 1229 1323 1280 73.

1196 1309 1361 1364 liecensetur
1372 1311 1466 1380 opinio
1482 1313 1577 1364 tuton.
1595 1310 1826 1366 marchatum.

1195 1393 1387 1460 despondetur
1405 1395 1445 1449 ei.
1464 1414 1492 1449 n.
1503 1397 1546 1446 30.
1559 1397 1602 1450 31.

1199 1477 1279 1544 Quod
1289 1479 1322 1532 de
1335 1479 1479 1532 occidendo
1490 1479 1615 1532 adultero
1624 1489 1743 1545 respectu
1750 1479 1848 1534 mariti
1856 1497 2011 1538 cancetrrsm

1232 1571 1280 1622 est,
1297 1580 1350 1613 non
1362 1572 1452 1633 potest
1468 1563 1580 1616 extendi
1589 1563 1627 1616 ad
1636 1579 1774 1631 sponsum.
1787 1583 1813 1618 a.
1827 1566 1871 1619 33.

1195 1643 1303 1694 Asserti
1313 1644 1393 1697 ratio.
1408 1663 1436 1694 n.
1448 1646 1492 1696 33.

1196 1722 1254 1776 Non
1267 1725 1336 1779 obst.
1350 1727 1367 1779 Ι.
1381 1727 1426 1778 33.
1443 1726 1467 1798 5.
1480 1729 1505 1782 3.
1517 1729 1598 1795 iuntl.
1610 1730 1629 1783 l·
1640 1730 1685 1782 13.
1696 1725 1720 1800 5.
1734 1731 1757 1784 3.
1779 1727 1808 1780 ff.
1828 1730 1858 1782 etl
1883 1734 1900 1786 1.
1918 1735 1964 1803 jul.
1977 1735 2011 1789 (le

1235 1806 1356 1860 333133.
1373 1809 1420 1862 33.

1197 1895 1520 1962 33333333313313331333
1534 1897 1684 1952 misericors
1696 1909 1744 1965 est,
1770 1903 1817 1970 qui
1837 1918 1896 1954 cum
1922 1901 2013 1972 depre-

1234 1975 1319 2031 33313
1331 1978 1360 2032 in
1373 1979 1506 2034 adulteria
1521 1992 1693 2036 consummat
1704 1985 1787 2036 matri
1790 1984 1953 2038 maniumm.
1966 1985 2011 2037 33.

1197 2060 1287 2113 Etiam
1301 2079 1440 2117 cononum
1445 2061 1553 2136 judicio
1564 2065 1662 2121 stultus
1674 2077 1722 2131 est,
1734 2069 1782 2142 qui
1798 2068 1872 2122 duait
1893 2070 2012 2124 meretri

1230 2160 1297 2198 cem.
1309 2163 1338 2198 n.
1352 2147 1397 2199 33.

1200 2227 1288 2282 313113
1302 2228 1390 2282 minas
1401 2231 1547 2301 prudenter
1558 2231 1621 2300 agit,
1636 2232 1684 2300 qui
1694 2232 1766 2286 ducit
1778 2234 1813 2289 33
1828 2235 1883 2288 alia
1894 2236 2012 2306 improp-

1232 2322 1353 2381 gnatam,
1368 2333 1401 2369 ac
1412 2313 1437 2368 si
1447 2318 1501 2386 ipse
1511 2334 1572 2370 eam
1582 2315 1799 2386 impraegnaret.
1813 2337 1841 2372 n.
1851 2319 1896 2370 37.

1199 2399 1384 2451 liecerssentur
1397 2398 1543 2454 obstantia.
1557 2419 1584 2454 a.
1597 2401 1643 2454 33.

1201 2483 1383 2548 despondetur
1395 2484 1437 2535 iis.
1451 2501 1478 2534 n.
1493 2483 1537 2536 33.
1561 2541 1563 2545 ,

1199 2565 1304 2620 Judaei
1320 2567 1404 2620 etiam
1417 2567 1427 2618 i
1431 2563 1629 2638 ntempestiuam
1642 2564 1724 2620 talem
1740 2569 1954 2626 misericordium
1966 2573 2015 2625 ins·

1235 2650 1401 2716 probabant.
1418 2651 1500 2704 1330.

1201 2732 1358 2788 illustratur
1369 2749 1402 2785 ex
1417 2731 1519 2786 Sctdea.
1534 2733 1567 2786 de
1582 2749 1665 2786 uxore
1681 2733 1785 2788 ebraice
1802 2735 1851 2790 tib.
1873 2738 1899 2790 3.
1923 2754 1945 2792 a.
1971 2741 2014 2793 17.

1238 2819 1388 2872 adducente
1402 2817 1511 2870 Gemar.
1525 2816 1626 2886 Babyl.
1639 2835 1667 2868 n.
1680 2817 1725 2870 31.

1203 2905 1250 2955 An
1263 2921 1331 2970 puae
1343 2903 1485 2956 occasione
1499 2900 1571 2957 133.
1585 2911 1612 2954 et
1626 2901 1667 2954 33.
1681 2901 1710 2954 ff.
1723 2903 1755 2955 sle
1777 2902 1888 2956 3331131.
1911 2906 1944 2958 33
1957 2925 2015 2963 ma-

1237 2987 1290 3038 rito
1300 2987 1447 3038 christiana
1460 2983 1532 3038 dieta
1545 2994 1617 3052 runt,
1630 2988 1724 3055 quoad
1735 2986 1780 3054 jus
1793 2989 1933 3044 occidendi
1943 2992 2018 3046 adul·

1237 3082 1333 3132 terum,
1346 3069 1429 3124 etiam
1444 3069 1480 3120 33
1485 3065 1606 3140 judaeos
1618 3068 1648 3120 in
1660 3069 1804 3124 territoriis
1822 3081 1941 3126 mutuum
1966 3075 2018 3130 tm.

1236 3155 1306 3219 perii
1315 3152 1466 3224 germanici
1475 3151 1606 3222 toleratos
1617 3153 1818 3207 extendantur?
1829 3174 1854 3206 a.
1864 3155 1908 3206 33.

1203 3239 1273 3292 rure
1285 3234 1432 3304 recipiendi
1441 3235 1565 3302 iudaeos,
1577 3233 1657 3288 lodie
1670 3252 1765 3290 omnes
1777 3247 1862 3292 status
1873 3238 1936 3306 imp.
1948 3257 2017 3294 ram.

1236 3341 1312 3394 germ
1336 3323 1462 3395 gaudent.
1478 3320 1616 3374 39311.

1204 3409 1333 3464 Civitates
1345 3405 1478 3475 quaedum
1489 3402 1677 3474 provinciales,
1690 3404 1792 3459 tatius
1802 3409 1883 3462 etim
1886 3413 1936 3483 jus
1948 3415 2016 3467 mi.

1239 3489 1334 3560 piendi
1338 3491 1468 3564 judaeos,
1480 3489 1529 3542 sed
1538 3487 1700 3540 restrictum.
1713 3505 1740 3540 n.
1754 3489 1799 3542 33.

1207 3576 1311 3630 Judaei
1328 3572 1478 3628 utunsurin
1493 3569 1603 3638 imperio
1617 3586 1686 3630 ram.
1696 3587 1818 3641 german.
1826 3573 1891 3643 iure
1908 3585 1934 3630 31
1943 3577 2017 3645 san

1239 3657 1385 3714 communi.
1397 3675 1427 3710 n.
1440 3657 1484 3709 36.

1206 3743 1354 3796 limitatur
1365 3751 1464 3794 tamen.
1482 3755 1510 3792 n.
1531 3738 1574 3791 37.

1208 3823 1353 3880 limitatio
1366 3825 1419 3878 ista
1432 3823 1609 3890 restringitur.
1622 3837 1649 3872 n.
1662 3819 1708 3873 33.

1208 3911 1334 3963 Judaeue
1341 3908 1499 3978 polygamus
1507 3904 1602 3975 gladio
1612 3905 1734 3976 partitur.
1747 3906 1824 3960 1333.

1209 3993 1348 4048 Deoidstar
1358 3990 1550 4046 controuersia
1562 4007 1591 4042 n.
1600 3989 1644 4040 33.
1658 3999 1731 4044 mota
1743 3988 1916 4062 tffrmatioe.
1929 4001 2019 4056 3100.

1209 4079 1255 4129 An
1268 4079 1396 4144 princeps
1408 4071 1550 4139 territorii,
1563 4075 1636 4130 solra
1648 4076 1815 4128 conscientia
1835 4076 1864 4128 in
1885 4084 2024 4138 matrimu.

1243 4165 1320 4216 nium
1328 4159 1492 4230 judaeiaum
1500 4157 1649 4213 eluistiana
1662 4160 1815 4212 consentire
1828 4166 1903 4216 etsie
1915 4167 2022 4236 stirpen.

1243 4263 1306 4300 tare
1321 4243 1428 4315 possit?
1441 4263 1468 4299 n·
1483 4245 1545 4296 101.

1210 4329 1253 4383 De
1259 4331 1325 4402 jure
1336 4347 1456 4394 romano,
1465 4327 1567 4398 iudaea
1582 4327 1784 4386 matrimonium
1802 4344 1862 4380 curn
1876 4331 2022 4389 clrc'stmua

1244 4415 1376 4471 celebrare
1390 4431 1446 4466 non
1453 4411 1506 4483 fiis
1518 4421 1586 4466 erat.
1598 4427 1624 4462 rt.
1639 4411 1701 4462 103.

1211 4489 1306 4552 Extra
1319 4496 1447 4568 figuram
1471 4493 1650 4557 matrimonii,
1675 4492 1702 4546 si
1723 4495 1885 4565 corrupisset
1899 4498 2021 4570 judam

1246 4581 1436 4642 christianam,
1452 4573 1691 4634 eerraordinariae
1706 4594 1810 4642 poenae
1829 4579 1957 4647 reusfit,
1975 4585 2025 4638 eud

1246 4663 1364 4720 durioris
1376 4680 1484 4731 paenae
1496 4679 1576 4730 quam
1589 4659 1752 4713 christianus
1763 4661 1793 4712 in
1804 4663 1895 4715 simili.
1905 4684 1931 4717 n.
1949 4668 2009 4722 103.

1212 4747 1369 4805 intercessio
1393 4745 1557 4800 christianae
1575 4741 1672 4797 uxoris
1696 4743 1757 4798 licet
1777 4763 1872 4808 „orum
1894 4749 2024 4816 proficius

1246 4835 1297 4888 lae
1309 4849 1382 4898 casu,
1401 4831 1525 4901 princeps
1549 4836 1641 4881 tarsen
1661 4826 1782 4895 gratiam
1795 4827 1895 4896 jacere
1915 4843 2023 4901 potest.

1247 4937 1274 4969 n.
1296 4915 1357 4967 133.

1212 4998 1385 5063 Praesertim,
1396 4996 1421 5050 si
1432 5011 1502 5062 spem
1516 4991 1701 5048 conversionis
1711 4995 1878 5063 probabilem
1892 4997 1925 5053 de
1936 5017 1963 5053 se
1974 4999 2023 5068 fii-

1248 5096 1325 5140 aeret.
1340 5101 1367 5134 n.
1384 5081 1445 5132 103.

1215 5159 1700 5245 (13333333ρε33·3333313133313333,
1713 5161 1739 5214 si
1752 5163 1931 5218 Christianam
1945 5167 2024 5224 duae·

1208 5297 1210 5304 ,
1245 5277 1274 5313 η
1285 5253 1345 5311 petis
1354 5251 1480 5321 judaeus,
1492 5247 1585 5302 relicta
1599 5246 1646 5300 uel
1661 5245 1799 5313 repudiutu
1812 5254 2027 5326 aeorejudaeel

1246 5359 1273 5392 n.
1292 5339 1352 5390 103.

1215 5423 1300 5476 Ausi
1314 5421 1420 5473 'adaeus
1439 5415 1559 5469 durante
1578 5415 1670 5478 priori
1686 5415 1907 5488 conjugiofidem
1921 5421 1972 5474 alii
1981 5426 2028 5478 de.

1249 5504 1334 5568 derit,
1348 5517 1409 5556 reus
1412 5498 1472 5570 fiat
1482 5497 1669 5569 polygamiae?
1686 5517 1713 5551 n.
1727 5501 1789 5551 107.

1216 5587 1402 5651 despondetur
1420 5583 1457 5636 ad
1466 5599 1522 5652 arg.
1536 5599 1572 5634 eu
1583 5599 1606 5634 c.
1619 5583 1645 5635 3.
1656 5593 1681 5636 31
1695 5586 1719 5634 7.
1733 5585 1764 5636 X.
1777 5585 1851 5640 3333
1864 5607 1889 5660 q.
1904 5589 1982 5646 duait
1995 5591 2024 5648 ἰ.

1251 5669 1467 5742 matrimonium
1487 5663 1594 5720 adulter
1602 5667 1668 5738 pall.
1683 5687 1709 5722 n.
1731 5671 1792 5723 103.
