4374 6216
392 250 428 302 11
553 268 560 284 ·
598 247 602 254 “
909 263 914 278 ·
960 236 1148 294 ntstttttr.
1166 239 1190 294 l.
1209 233 1326 294 cttttr
1343 235 1394 294 lli.
1924 235 1960 288 11

330 345 412 401 Paulo
428 345 486 400 teto
510 341 551 414 (1)
574 337 695 396 edocetur
716 337 739 393 si
756 353 811 392 non
830 333 990 406 negligentia
1008 334 1049 390 sel
1066 335 1139 405 eulpa
1192 346 1338 408 ternpus-cru
1347 335 1428 390 istum
1440 327 1748 406 pateretnriabi.ccotrs
1757 327 1852 385 nititur
1861 326 1977 386 iierliela.
1989 343 2019 405 p:

328 423 414 480 iatum
432 425 575 506 sumpserit
591 423 678 488 sirene
695 420 765 476 nnde
783 421 871 474 minor
889 431 977 474 contra
990 419 1139 490 longissimi
1192 421 1216 474 2.
1230 421 1345 474 sumtus.
1364 422 1408 472 to.
1424 435 1474 490 per
1496 427 1545 470 tot.
1561 425 1679 470 autumat
1695 417 1738 471 sis
1754 412 1788 468 de
1805 414 2015 487 jurisprudentia

327 509 458 582 temporis
474 507 724 582 praescriptionem,
745 523 806 560 narn
825 523 855 560 ee
873 503 928 574 ipsi
955 514 1057 559 tantona
1086 519 1143 558 cor·
1193 505 1259 558 bene
1278 506 1386 574 meritos
1403 514 1430 555 et
1448 518 1496 572 per
1515 519 1542 554 se
1560 502 1624 554 alias
1650 512 1782 556 accuratos
1811 498 1934 566 abunde,
1959 501 2016 556 ncl-

329 593 382 656 rit,
401 592 556 648 restituitur.
581 592 619 662 (1)
644 592 684 644 Ex
702 591 758 645 snio
777 589 944 658 ignorantiae
967 589 1052 659 eapite
1070 604 1144 657 prse-
1194 590 1245 642 ianr
1266 589 1348 656 legem
1367 585 1564 640 restitutionem
1583 585 1743 653 denegasse,
1761 592 1804 636 ast
1821 584 1846 634 si
1863 582 1912 636 len
1935 582 1960 637 b.
1987 602 2014 640 c.

327 683 413 756 [opem
434 675 631 728 restitutionem
649 673 754 724 dedisse
768 688 819 724 noc
839 669 1006 740 deprehendo
1019 668 1087 740 quod
1102 666 1141 721 ia·
1195 672 1227 726 de
1242 670 1399 738 praescript.
1425 671 1471 722 30.
1487 684 1553 722 ann.
1572 667 1775 738 introspiciatur
1802 666 1917 739 penitius
1943 667 2014 720 rerb-

328 769 385 815 tum
404 758 556 822 concernit,
575 754 707 826 siquidem
725 753 806 806 certis
832 755 862 806 iu
887 754 973 806 causis
998 768 1032 804 ex
1058 767 1147 806 errore
1195 755 1300 806 etiamsi
1328 770 1356 805 sc
1382 752 1510 820 ignoratis
1536 766 1657 804 excusare
1685 750 1840 813 tentaverit,
1859 748 2014 802 Berlicbiua

328 840 448 893 restituit
468 849 567 892 tantum
592 837 635 909 (3)
662 839 730 890 baud
758 837 842 890 morit
868 854 910 889 ane
932 835 1064 905 generalis
1083 852 1144 886 cao·
1195 839 1251 908 lege
1270 836 1431 892 contradicet
1448 852 1586 907 expresse,
1603 843 1631 886 et
1648 833 1671 886 sl
1684 834 1796 902 quisque
1809 847 1895 884 rerum
1909 847 2015 885 suarium

328 939 414 975 sarum
435 923 611 976 restitutionis
628 923 742 975 clausula
762 923 783 974 si
803 920 853 972 aiis
871 924 939 990 justa
957 936 1031 972 carisa
1045 917 1148 971 ridebi-
1197 923 1311 991 diligens
1329 921 1415 974 cu'etos
1435 921 1471 972 sit
1488 930 1514 972 et
1527 918 1673 972 ancderatcr
1691 918 1859 984 ignorantem
1887 915 1952 970 adeo
1970 931 2017 968 ne·

329 1015 381 1066 tur,
395 1005 564 1076 (i)curnhsc
582 1005 915 1076 rationeiatipraesidiu'm
936 1005 1079 1067 tolleretur,
1092 1003 1149 1058 iato
1196 1005 1341 1076 gligentetn
1358 1015 1416 1058 este
1433 1008 1505 1074 poto,
1523 1018 1600 1074 quain
1621 1001 1785 1072 negligentia
1801 998 1859 1070 ipsa
1876 1005 1966 1072 patets

328 1089 432 1146 scilieet
448 1090 528 1146 robur
545 1107 579 1144 ex
597 1089 856 1160 silentioest,sciens
869 1106 930 1144 reso
942 1091 1148 1142 necsileretnec

995 1250 1243 1320 CAPUT
1287 1253 1353 1322 tlt.

689 1441 770 1533 Qua
792 1442 924 1512 ratione
946 1441 1165 1534 singularum
1188 1435 1364 1506 actionum
1375 1436 1470 1528 sata
1489 1447 1647 1527 pereunt.

575 1633 600 1685 δ’
618 1631 648 1686 U
662 1631 698 1684 d!
710 1631 787 1686 HA
803 1633 830 1684 11
847 1633 867 1686 Ι
884 1632 913 1684 A
1082 1679 1100 1693 ,
1173 1607 1178 1704 Ι
1235 1631 1259 1688 1.
1277 1627 1302 1680 1.
1321 1627 1373 1679 lut
1391 1625 1414 1678 si
1432 1625 1561 1680 citatione
1584 1622 1668 1677 iatum
1693 1623 1800 1695 pnrgari
1831 1641 1886 1678 nou
1919 1624 2017 1693 deteri

1199 1710 1304 1776 quaudo
1317 1710 1465 1780 imperaturi
1480 1708 1520 1761 sei
1538 1725 1655 1761 someron
1673 1708 1793 1760 libellum
1813 1709 1932 1764 exhibeat
1950 1711 2019 1780 inju-

328 1796 498 1866 Injuriarum
514 1797 629 1852 cctr'cnis
637 1797 737 1866 starum
754 1795 929 1853 cepolatitis
949 1798 1149 1852 coruscatione
1201 1792 1283 1846 riatus
1300 1795 1392 1845 eudem
1413 1793 1490 1844 moto
1509 1803 1635 1861 perpetua
1653 1792 1779 1844 reddatur
1797 1795 1872 1859 antio,
1893 1803 1921 1847 et
1938 1795 2018 1848 sitm

365 1879 500 1950 rumpitur
510 1882 553 1934 uel
564 1879 705 1946 citatione,
719 1890 742 1945 ς.
757 1885 782 1933 1.
1158 1926 1170 1942 Μ
1201 1885 1299 1938 servet,
1318 1875 1452 1944 principes
1472 1891 1597 1938 sanxere,
1616 1872 1658 1946 (8)
1676 1874 1708 1925 ad
1727 1877 1796 1945 quud
1814 1879 1942 1947 rescripto
1953 1894 2021 1948 opus

334 1963 388 2017 Vei
397 1965 423 2016 si
432 1964 596 2030 imperatori
606 1974 655 2018 atat
667 1982 794 2020 camerae
806 1965 913 2019 libellus
923 1965 1081 2036 porrigatur
1091 1965 1152 2017 licet
1202 1973 1259 2011 esse
1277 1975 1328 2010 nan
1346 1970 1460 2024 autumo,
1479 1960 1502 2012 si
1521 1958 1645 2014 uidelicet
1664 1961 1724 2013 nori
1743 1961 1808 2030 quid
1824 1963 1851 2014 in
1865 1962 1891 2014 d.
1903 1963 1960 2032 lege
1975 1963 2021 2016 ds·

366 2063 427 2099 non
439 2046 608 2101 rescribetur.
620 2053 663 2100 Aa
672 2047 807 2117 differunt
814 2065 953 2121 processus
966 2067 1002 2102 ec
1013 2049 1031 2100 l.
1044 2045 1151 2117 diffum.
1201 2041 1259 2095 beat
1275 2059 1332 2096 esse
1345 2052 1487 2106 statutum,
1507 2059 1564 2094 cum
1583 2044 1648 2094 alias
1667 2044 1839 2098 monitorium
1851 2047 1964 2115 quadris
1976 2047 2022 2100 in·

365 2137 391 2180 er
403 2129 422 2180 t.
439 2129 628 2194 rimandae,
645 2133 669 2196 ς,
682 2133 708 2184 p,
1200 2122 1307 2176 iesioris
1327 2125 1383 2178 litis
1403 2124 1625 2178 contestationem
1642 2137 1768 2195 operetur
1786 2139 1810 2182 et
1821 2138 1958 2199 perpetuet
1970 2128 2015 2200 (9)

334 2215 370 2265 tn
382 2214 501 2283 petenda
512 2213 671 2268 investitum
684 2217 888 2292 „malefidum
902 2235 960 2272 m
972 2233 1077 2286 ,emper
1092 2231 1152 2271 cur.
1202 2225 1250 2261 nec
1264 2209 1329 2262 adeo
1339 2210 1450 2280 speciale
1468 2208 1552 2275 iuret,
1570 2221 1599 2263 ut
1615 2226 1701 2263 coram
1721 2212 1775 2264 scio
1800 2211 1961 2282 imperatore
1979 2213 2022 2268 rel

367 2297 412 2360 ris,
424 2301 484 2360 §.³.
1200 2309 1300 2350 camera
1319 2297 1381 2349 haec
1399 2295 1530 2349 exhibitio
1546 2295 1632 2349 libelli
1650 2307 1747 2351 tanturn
1772 2297 1914 2368 importet,
1933 2317 2022 2356 coratn
2100 2307 2110 2322 ‘
2181 2287 2184 2294 ⁴

332 2381 468 2451 Exceptio
494 2399 551 2437 non
570 2393 730 2437 numeratae
744 2400 840 2453 perun.
856 2394 920 2455 post
937 2383 1076 2440 biennium
1095 2401 1152 2438 non
1201 2381 1311 2433 caeteris
1331 2380 1438 2450 imperii
1458 2378 1627 2449 principibus
1646 2381 1772 2448 minime
1788 2381 1849 2454 (¹⁰)
1861 2384 1966 2454 quaudo
1980 2403 2023 2442 re·

368 2461 526 2534 opponitur,
542 2464 597 2516 nisi
608 2477 759 2536 rumpatur,
771 2475 793 2529 ς.
805 2467 829 2518 1.
1204 2477 1233 2514 rc
1246 2461 1305 2534 (11)
1317 2463 1414 2516 dicitur
1432 2465 1454 2514 si
1474 2465 1615 2527 rescribat,
1632 2481 1685 2519 non
1700 2465 1732 2518 ad
1745 2483 1803 2520 esse
1815 2468 1959 2522 necessario
1971 2479 2021 2536 est,

331 2547 494 2601 Decennale
502 2547 596 2614 salum
606 2552 743 2619 quomodo
754 2551 918 2614 mimum,
930 2551 955 2604 Β,
1203 2545 1249 2596 sed
1267 2549 1300 2600 td
1319 2547 1427 2612 melius,
1439 2547 1477 2600 nii
1497 2547 1514 2598 i.
1530 2546 1614 2614 3⁴.sp
1627 2549 1660 2600 de
1671 2547 1689 2599 1.
1707 2549 1723 2600 1.
1745 2550 1814 2603 dieii
1831 2551 1864 2604 de
1880 2559 2022 2606 0011111011]-

335 2631 637 2702 Quadn'ennalesamm
649 2637 787 2705 quomodo
797 2637 939 2705 pereaffs,
954 2634 980 2687 6,
1202 2626 1265 2680 dine
1283 2631 1336 2682 vids
1355 2647 1386 2681 att
1411 2631 1614 2683 contradictorio
1639 2633 1738 2700 judicit)
1763 2635 1915 2691 obiissuei'iia
1942 2636 2022 2705 011011

334 2713 645 2784 Quinquennoiefatum
659 2719 755 2790 quidus
766 2719 846 2774 redas
858 2719 928 2773 obsit
940 2727 1029 2790 etqua
1045 2718 1154 2774 ratione
1205 2713 1288 2766 iatum
1304 2714 1452 2768 verbalibus
1470 2715 1577 2782 injuriis
1595 2732 1700 2769 currere
1716 2717 1825 2772 dubium
1839 2733 1941 2774 nonest
1958 2721 2023 2794 (12)

276 2833 283 2840 -
371 2797 550 2864 impediatur?
563 2809 584 2862 ς.
599 2803 624 2854 ’1.
1204 2817 1237 2852 an
1256 2801 1337 2853 reales
1354 2816 1415 2853 sero
1432 2799 1502 2856 idern
1522 2799 1605 2851 iatum
1625 2803 1790 2872 experiantur
1809 2805 1837 2857 in
1857 2805 1959 2859 incerto
1973 2817 2023 2872 est,

336 2880 504 2934 Decennnlis
512 2882 574 2952 finti
589 2884 747 2950 declinatio,
763 2894 790 2939 et
807 2902 912 2943 merum
929 2885 992 2956 imp.
1009 2900 1061 2940 aec
1077 2883 1155 2938 bodie
1205 2898 1266 2937 narn
1284 2883 1317 2937 de
1335 2899 1444 2935 romano
1468 2886 1524 2950 jure
1542 2901 1594 2937 nno
1612 2886 1719 2938 nomine
1738 2885 1784 2940 iad
1803 2900 1924 2959 respectu
1942 2908 2026 2944 enun-

372 2964 650 3036 mundaturregu1.§.
663 2968 691 3020 8.
1205 2965 1326 3030 cientur,
1339 2967 1400 3036 (13)
1422 2967 1516 3022 interea
1535 2985 1567 3020 ex
1586 2970 1604 3020 l.
1624 2969 1738 3024 cornelia
1756 2971 1869 3026 actiones
1887 2984 2024 3046 perpetuas

342 3049 497 3102 Vs'ccnnalis
500 3051 566 3120 sati
575 3052 673 3122 ruptio,
686 3059 708 3114 ς.
722 3053 749 3105 tt.
1207 3063 1266 3100 esse
1282 3066 1343 3102 sero
1360 3061 1561 3104 consentaneum
1582 3071 1651 3118 reor,
1668 3053 1729 3122 quia
1747 3073 1778 3107 cx
1796 3055 1896 3124 legibus
1915 3057 2024 3114 descen·

337 3132 566 3202 Tricennalifistc
580 3137 732 3188 communis
744 3144 858 3206 ruptura
870 3138 955 3202 obest,
967 3143 989 3200 ς.
1003 3137 1048 3190 ld.
1207 3131 1299 3184 dentes
1316 3135 1430 3187 actiones
1448 3146 1590 3188 censentur
1614 3147 1761 3207 perpetuae.
1775 3140 1834 3210 (tt)
1846 3141 2023 3212 Quemadmca

254 3273 258 3278 .
338 3217 412 3282 Quas
424 3233 509 3273 causa
524 3219 560 3272 ab
573 3218 735 3288 imperatore
746 3219 914 3289 intelligatur
923 3223 952 3276 in
966 3224 984 3274 l.
995 3225 1020 3274 ¹¹1.
1020 3219 1062 3290 ff.
1070 3220 1102 3276 de
1107 3241 1156 3291 pc·
1210 3216 1273 3268 duro
1292 3217 1409 3270 verbales
1427 3215 1549 3286 injuriae,
1568 3219 1591 3274 si
1609 3236 1641 3272 ex
1660 3223 1680 3275 l.
1698 3220 1832 3276 diffamari
1852 3237 1952 3296 agatur,
1966 3230 2025 3284 lon·

372 3299 433 3365 ctis,
445 3310 471 3354 st
482 3317 509 3353 n.
522 3317 603 3356 causo
616 3303 667 3355 istu
678 3303 1103 3368 insitomnibascontractibusit.
1115 3309 1158 3360 11.
1206 3299 1276 3368 glori
1295 3302 1422 3371 ternporis
1440 3303 1528 3371 spacio
1547 3306 1691 3375 potiuntur.
1709 3306 1772 3378 (15)
1791 3307 1840 3361 Cui
1859 3311 1878 3361 1.
1890 3309 2024 3368 diffamari

327 3382 472 3438 Erictiusi
483 3385 844 3458 aliundetutusessepotest,
857 3399 1159 3457 emptcrnonpruesta·
1207 3384 1224 3437 l·
1242 3385 1266 3437 ti
1282 3385 1423 3443 contendat
1442 3386 1487 3439 28.
1506 3385 1538 3440 de
1556 3385 1670 3458 fidejuss.
1699 3392 1822 3461 conjungi
1847 3394 1930 3462 solet,
1958 3399 2024 3467 quc.

368 3467 428 3521 tnr?
438 3471 461 3536 ς.
476 3469 519 3520 ta.
1208 3467 1279 3521 niam
1297 3471 1329 3522 ad
1343 3470 1462 3522 eumdem
1482 3467 1601 3525 effectum
1621 3473 1737 3538 tendant,
1750 3475 1835 3542 quoad
1850 3477 1954 3530 modom
1969 3496 2027 3548 pro-

336 3547 494 3620 Singuiuris
505 3551 664 3608 declinandi
663 3552 728 3624 firi
739 3554 898 3610 tricennalis
908 3552 1012 3608 modus·
1026 3553 1110 3626 §.lm
1206 3552 1318 3606 cedendi
1337 3565 1424 3606 tannen
1450 3551 1587 3606 differunt.
1609 3551 1685 3607 Exi.
1711 3573 1807 3627 nempe
1832 3557 1978 3628 diffamari
1998 3581 2024 3616 c.

338 3635 644 3708 Immemorioiejistum
656 3640 791 3708 quomodo
804 3637 931 3692 sistatur?
940 3633 965 3709 ξ.
979 3638 1021 3691 1t.
1204 3637 1237 3690 de
1246 3635 1334 3707 ingen.
1345 3655 1463 3693 manaan.
1476 3655 1611 3708 processus
1624 3655 1675 3693 uon
1685 3641 1868 3708 decernuntur,
1881 3641 1935 3695 nisi
1948 3661 2024 3700 nausa

1206 3719 1310 3787 probata
1328 3718 1410 3771 inerit
1428 3722 1611 3784 summaritere
1629 3739 1663 3776 ex
1681 3723 1699 3776 i.
1717 3725 1761 3779 28.
1779 3725 1805 3778 ri
1820 3727 1969 3782 contendat
1981 3729 2024 3783 de·

339 3804 363 3878 5
383 3808 407 3859 t,
426 3747 581 3859 Lucrati·
600 3804 629 3857 tu
648 3821 743 3876 genere
762 3805 809 3860 1.ιί
828 3807 975 3861 ‹tecttnsnttt
995 3806 1082 3862 modis
1101 3823 1152 3878 qno
1203 3810 1348 3854 cernuntur
1379 3817 1516 3872 processus
1540 3805 1680 3872 omuibus,
1704 3809 1750 3878 qui
1775 3811 1945 3880 exceptiones
1971 3813 2024 3866 sibi

334 3889 413 3941 anodu
430 3889 533 3957 singula
550 3900 695 3958 temporum
715 3889 767 3943 ista
793 3907 840 3960 per
865 3903 934 3946 certa
951 3909 1079 3945 annorum
1098 3907 1154 3945 eur·
1203 3896 1351 3957 competere
1366 3896 1495 3952 asserunt,
1509 3898 1579 3944 etex
1592 3889 1612 3942 l.
1625 3889 1756 3946 diffamari
1775 3883 1930 3963 simpliciter
1947 3898 2026 3952 silen-

337 3975 419 4026 ricuia
438 3983 529 4028 statuta
549 3988 712 4043 rumpantur,
729 3980 883 4033 examinare
900 3985 950 4031 est.
971 3977 1069 4044 injuria
1084 3977 1155 4029 laeso
1207 3967 1501 4037 1111111101111001100111
1519 3980 1615 4035 aisti
1643 3975 1671 4026 in
1697 3975 1715 4028 l·
1742 3975 1766 4028 11
1784 3977 1924 4031 contendet
1942 3979 2022 4048 iudex

337 4065 429 4108 natura
448 4054 504 4124 ipsa
523 4056 556 4107 de
574 4056 690 4108 vindicta
708 4058 853 4127 prospexit,
873 4075 932 4110 narn
952 4059 1012 4125 justi
1036 4075 1153 4111 amorem
1204 4071 1283 4124 super
1300 4057 1456 4121 exceptione
1473 4061 1626 4127 procedens,
1646 4063 1669 4113 si
1685 4065 1780 4116 citatus
1794 4080 1846 4116 nou
1859 4080 2021 4139 compareat,

338 4138 409 4190 inter
422 4153 449 4189 se
462 4137 634 4190 ccdeuntibus
652 4141 740 4189 sanxit
753 4155 786 4191 ce
804 4140 934 4193 laederent
949 4141 1035 4195 iurice
1045 4153 1122 4206 u,aut
1131 4141 1154 4194 si
1205 4139 1312 4191 dentum
1327 4138 1461 4192 silentium
1481 4141 1601 4210 imponit.
1621 4142 1681 4212 (16)

336 4222 382 4290 qui
401 4219 545 4286 laederent,
562 4238 617 4274 non
635 4237 692 4272 esse
704 4221 821 4290 impune,
842 4223 950 4276 iuterim
970 4243 1029 4278 curn
1044 4225 1155 4277 necessi·
1240 4225 1263 4282 i·
1282 4221 1307 4274 8.
1328 4221 1402 4274 ldem
1421 4222 1615 4280 anuaieistunn
1645 4241 1674 4280 nt
1697 4227 1820 4298 petitioni
1852 4229 2022 4292 investiturae

337 4313 375 4356 tas
395 4303 480 4372 legem
499 4303 614 4366 iaceret,
631 4305 715 4357 libere
735 4306 906 4358 intentandae
925 4305 1095 4358 buicsntioni
1108 4317 1155 4359 ter·
1205 4319 1255 4355 nna
1274 4319 1333 4356 eum
1354 4321 1444 4359 meuse
1463 4315 1629 4376 statueretur,
1646 4329 1698 4380 qno
1716 4313 1833 4370 dominia
1857 4333 1946 4371 rerum
1968 4337 2022 4374 uon

338 4387 426 4437 minus
445 4385 533 4454 posint
551 4397 578 4438 et
595 4383 696 4451 iatum,
717 4396 746 4438 ut
763 4385 786 4438 si
799 4386 870 4440 iutra
888 4406 986 4440 annuns
999 4407 1051 4440 nou
1066 4389 1153 4440 iuten-
1203 4385 1231 4437 in
1244 4388 1345 4441 incerto
1357 4399 1489 4456 vagentur,
1502 4394 1643 4446 necessitas
1657 4393 1729 4460 iecit,
1743 4397 1804 4467 (17)
1818 4415 1907 4452 rernm
1935 4420 1968 4456 oe
1987 4407 2023 4458 rt.

337 4480 419 4532 tetur,
436 4485 541 4521 ornnem
560 4485 634 4520 suana
654 4465 800 4522 efficaciam
820 4481 898 4539 ponat
915 4480 942 4522 et
966 4472 1080 4524 intereat
1109 4467 1152 4542 (d)
1202 4470 1319 4538 gurosius
1338 4471 1440 4540 petendi
1463 4483 1567 4542 tempus
1585 4486 1743 4531 coarctatum
1763 4481 1917 4536 rideaturll
1937 4487 2026 4556 ipsus,

339 4569 373 4606 rte
390 4567 450 4605 sero
466 4570 517 4620 quo
536 4552 624 4604 minus
644 4553 713 4606 intra
731 4571 828 4605 anuum
847 4555 962 4624 vigilans
987 4557 1045 4622 jure
1068 4555 1150 4617 eadat,
1203 4555 1226 4602 si
1246 4552 1409 4605 ineuitabilis
1426 4570 1504 4608 casus
1522 4557 1628 4626 petendi
1649 4557 1796 4615 iacuitatem
1813 4565 1963 4636 impediat,
1983 4571 2018 4624 is·

339 4647 367 4692 nt
382 4637 439 4689 litis
457 4636 646 4689 contestatione
664 4636 707 4705 (6)
721 4640 758 4690 rel
772 4637 845 4691 ¹nnnda
865 4641 988 4692 citatione
1002 4637 1081 4692 bodie
1102 4635 1145 4708 (t)
1203 4643 1259 4687 tnna
1271 4650 1376 4688 currere
1391 4637 1588 4706 prohibuerunt,
1600 4642 1640 4693 sel
1651 4641 1680 4696 in
1695 4647 1837 4712 majoribus
1852 4647 1952 4712 iendis,
1969 4670 2020 4705 mo

227 4771 231 4780 ,
338 4723 530 4775 transmittatur
547 4720 580 4774 ad
593 4721 727 4788 haeredes,
747 4725 805 4791 jura
822 4721 973 4778 effecerunt.
1206 4717 1240 4772 du
1258 4735 1287 4772 ea
1299 4736 1348 4790 qua
1360 4735 1408 4790 par
1431 4732 1472 4775 est
1497 4721 1676 4779 submissione
1696 4731 1889 4786 excasationem
1910 4731 2024 4788 oderant

366 4967 403 5027 (1)
418 4965 435 5012 l.
449 4965 488 5014 35.
503 4967 528 5012 il'.
544 4967 572 5011 ds
587 4967 610 5010 S.
629 4965 656 5011 li.
675 4966 701 5010 Ρ.
1203 4958 1334 5006 Fridericns
1350 4974 1394 5008 eon
1408 4961 1468 5010 Jena
1485 4966 1508 5008 in
1525 4967 1584 5011 nctis
1599 4966 1628 5012 ssi
1644 4967 1778 5016 8120111111
1793 4969 1821 5016 sd
1831 4971 1892 5016 bane
1909 4971 1946 5016 tit.

364 5041 403 5100 (2)
419 5041 497 5088 Odius
513 5059 535 5102 p.
553 5039 576 5088 2.
592 5056 629 5108 qn.
646 5039 686 5086 90-
701 5039 792 5085 articul.
810 5041 832 5086 1.
845 5055 867 5086 ιι.
880 5038 904 5087 6.
1234 5035 1287 5094 (11)
1301 5039 1326 5080 ln
1342 5035 1360 5081 l.
1373 5033 1395 5080 2.
1411 5052 1432 5082 c.
1449 5038 1472 5083 d.
1489 5039 1507 5082 l.

363 5118 400 5180 (3)
417 5119 493 5163 Bocer.
510 5119 574 5162 class.
587 5119 628 5160 uit.
645 5116 705 5175 disp.
725 5113 761 5160 19.
1233 5105 1286 5167 (12)
1303 5109 1332 5154 D.
1348 5109 1456 5170 Carpaor.
1473 5128 1497 5173 p·
1513 5111 1537 5160 4.
1552 5116 1646 5164 mnsttt.
1663 5113 1694 5164 16
1714 5115 1758 5164 tut.
1770 5115 1794 5164 3.

371 5193 442 5252 (4)1.
462 5197 483 5236 1.
501 5197 519 5248 ς.
538 5191 596 5235 iinal.
613 5189 637 5233 ff.
654 5203 680 5232 sa
696 5189 781 5248 quibus
796 5191 870 5235 causis
885 5185 963 5250 majus.
1234 5183 1287 5244 (13)
1302 5184 1320 5230 Ι.
1337 5185 1360 5230 5.
1377 5186 1503 5250 1.(1ο1ιι).

366 5266 405 5322 (5)
420 5265 436 5310 l.
454 5265 491 5310 tt.
508 5269 527 5322 ς.
543 5264 567 5311 6.
584 5263 609 5306 ff.
625 5261 672 5308 eti.
690 5262 714 5310 5.
729 5279 749 5309 c.
765 5265 793 5309 ds
810 5260 881 5325 injus.
1234 5256 1288 5318 (11)
1303 5258 1319 5302 l·
1337 5257 1360 5304 3.
1376 5267 1400 5304 et
1415 5258 1439 5305 1.
1453 5277 1474 5306 e.
1491 5263 1520 5306 de
1536 5265 1668 5324 praescript.
1685 5261 1725 5314 20.
1741 5281 1794 5316 ane.

368 5341 406 5398 (u)
423 5338 440 5381 t.
457 5337 496 5382 87.
509 5347 531 5380 u
547 5339 565 5380 t.
585 5335 637 5384 ⁴³9.
654 5339 682 5382 a.
700 5353 746 5398 ng.
763 5337 783 5399 j.
1233 5333 1286 5389 (⁴⁵)
1301 5333 1368 5391 lisis·
1385 5347 1407 5391 n·
1421 5329 1445 5380 ²·
1462 5349 1501 5394 q...
1514 5335 1590 5396 tt...
1606 5337 1646 5386 20.
1665 5341 1706 5386 ses
1722 5341 2023 5392 nununuuusuatsn·

366 5415 403 5470 (7)
420 5411 553 5459 Prnolrnan.
565 5411 648 5456 roiam.
666 5415 688 5456 1.
704 5414 784 5460 consil.
803 5411 843 5460 22.
860 5429 883 5458 n.
900 5409 941 5460 26·
1203 5412 1239 5454 ¹⁰³
1257 5411 1297 5457 lib·
1312 5415 1333 5457 ⁴·
1351 5413 1426 5460 taient.
1446 5419 1541 5475 interpr.
1558 5432 1605 5476 cap.
1622 5414 1644 5462 2.

367 5485 403 5544 (8)
418 5487 435 5531 1.
455 5491 476 5531 i.
492 5503 512 5532 e.
529 5489 612 5547 quand.
627 5489 702 5534 libell.
718 5491 816 5550 princip.
832 5491 878 5534 dst.
1232 5487 1284 5542 (16)
1300 5487 1386 5534 llartsn.
1406 5491 1498 5535 Pistoris
1515 5507 1537 5549 p.
1554 5490 1577 5535 1,
1595 5505 1633 5550 qn.
1653 5489 1690 5536 tt.
1707 5507 1729 5539 n.
1746 5491 1770 5538 2.

369 5563 407 5620 (9)
422 5565 502 5624 Carpx.
518 5567 560 5612 ttts.
577 5564 599 5612 2.
617 5573 654 5614 tit.
671 5567 693 5613 3.
710 5581 732 5613 a.
748 5567 787 5615 50.
806 5582 829 5614 n.
844 5566 869 5611 1.
1232 5559 1285 5621 (17)
1299 5575 1348 5623 esp.
1367 5564 1477 5610 sanciatus
1494 5565 1568 5625 paine.
1587 5569 1608 5610 t.
1626 5565 1643 5611 l.
1661 5563 1701 5613 22.

368 5637 421 5696 (10)
439 5641 539 5688 tlunaius
555 5645 614 5705 disp.
633 5645 659 5688 ad
676 5657 771 5704 process·
785 5641 807 5692 5·
821 5643 854 5690 tb.
872 5638 894 5688 3.
921 5655 944 5688 tt.
955 5638 993 5690 11.
1007 5638 1102 5702 blaseii.
1123 5639 1152 5688 D.
