4456 6208
856 418 1190 496 ntsettrn'rln
1215 418 1537 496 DUODEGIMA

554 649 656 762 nn
692 645 1376 766 natantianatantia}
1412 645 1841 766 sentement

758 844 1084 962 annena
1119 844 1220 956 bil
1254 839 1636 966 sensenna

897 1103 939 1147 ΑΒ
962 1101 1041 1146 nte!
1064 1101 1121 1145 Π.
1145 1099 1252 1144 nnlla-
1276 1095 1330 1142 All·
1354 1097 1493 1142 ΙΜῙΜ.

1023 1303 1102 1345 sao
1131 1301 1365 1360 arcensis

614 1535 619 1550 .
708 1479 995 1554 Fntnnntcns
1019 1475 1292 1567 nonnanes,
1316 1480 1487 1550 BEROL.
1512 1476 1686 1549 MARCH.

936 1807 1477 1858 w

371 2091 634 2268 Maximum
651 2199 948 2260 ornamentorum
974 2186 1144 2258 omnium
1165 2195 1219 2256 est
1245 2179 1397 2284 reipubl.
1424 2188 1535 2286 justas
1560 2183 1599 2253 in
1625 2205 1664 2253 aa
1692 2177 1803 2276 leges,
1829 2193 1938 2280 atque
1964 2199 2033 2258 sta·
2121 2195 2130 2202 “

367 2311 454 2374 tnta
480 2287 646 2388 residere.
674 2289 765 2360 lllae
790 2289 891 2360 enim
925 2283 971 2358 ad
1004 2286 1162 2358 salutem
1200 2285 1469 2383 civitatumque
1501 2283 1815 2369 incolumitatem,
1851 2289 2040 2384 vitamque

368 2383 565 2478 hominum
590 2402 626 2462 et
651 2391 815 2489 quietam
841 2399 879 2462 et
912 2385 1059 2483 beatam
1093 2397 1272 2486 spectant.
1309 2385 1491 2482 Equidem
1526 2382 1629 2458 nullo
1661 2384 1741 2454 siue
1775 2383 1819 2454 iis
1844 2383 2040 2457 subsistere

365 2508 497 2601 ,potest
521 2515 614 2592 resp.
640 2503 677 2562 et
704 2490 869 2565 homines
904 2512 949 2560 ne
975 2489 1091 2560 instar
1127 2485 1322 2558 brutorum
1356 2497 1493 2574 essent,
1517 2490 1596 2557 sine
1629 2485 1674 2554 iis
1702 2485 1818 2555 vitam
1851 2509 1954 2579 agere
1981 2509 2041 2557 ne

370 2609 532 2698 queunt,
558 2592 622 2666 sed
656 2592 831 2665 mandato
863 2588 993 2662 divino
1024 2601 1304 2676 consentaneas,
1330 2609 1396 2658 nec
1430 2586 1500 2686 juri
1536 2582 1692 2655 naturali
1726 2581 1894 2654 adversas
1920 2597 2044 2656 tenere

362 2721 488 2798 remp.
514 2693 552 2766 id
576 2694 728 2765 demum
754 2702 828 2779 est,
853 2687 952 2788 quod
977 2699 1148 2759 ornatum
1175 2691 1207 2758 ei
1236 2685 1301 2758 dat
1331 2691 1529 2784 egregium.
1555 2684 1747 2782 Egregium
1775 2685 1860 2772 dat,
1883 2687 1977 2784 quod
2004 2697 2040 2756 et

365 2821 487 2896 remp.
513 2806 704 2864 conservat
731 2793 912 2878 maxime,
938 2789 1028 2859 dum
1055 2789 1196 2858 nemini
1223 2791 1269 2857 sit
1305 2789 1538 2886 permissum,
1565 2785 1707 2886 propria
1747 2785 1961 2858 auctoritate
1989 2791 2043 2885 jus

371 2919 477 2984 suum
504 2891 691 2966 vindicare
715 2893 741 2961 l.
771 2911 820 2958 ro.
834 2887 894 2988 ff
919 2885 955 2958 d.
972 2885 1117 2988 jurisd.
1146 2891 1171 2958 l.
1205 2911 1259 2986 ¹7·
1268 2885 1329 2986 ff
1357 2886 1393 2958 d.
1412 2883 1502 2986 jud.
1529 2889 1554 2958 l.
1574 2909 1635 2958 un.
1664 2889 1878 2983 nunquia
1906 2889 1945 2956 in
1973 2910 2062 2958 sue

367 3004 476 3070 'cous
491 2990 582 3095 Jud.
601 2987 714 3086 Reges
739 2987 952 3086 quidemst
980 2989 1176 3086 principes,
1196 2987 1339 3060 nullum
1369 2989 1438 3058 nisi
1464 2987 1584 3060 Deum
1609 2997 1649 3057 et
1671 3008 1796 3056 =ensem
1821 2988 2042 3083 superiorem

374 3104 622 3194 agnoscentes,
641 3089 816 3189 injuriam
833 3085 976 3159 illatam
997 3098 1115 3158 marte
1142 3085 1279 3158 arbitro
1306 3086 1492 3159 vindicare
1509 3085 1640 3156 solent.
1659 3087 1709 3156 Aa
1727 3087 1894 3183 potestati
1920 3109 2044 3156 earum

371 3194 600 3297 subjacentes
625 3190 693 3263 boe
719 3190 880 3288 juranti
906 3184 1159 3286 probibentur.
1187 3189 1311 3279 Quum
1339 3200 1464 3258 tamen
1490 3183 1643 3286 reipubl.
1672 3186 1834 3273 intersit,
1855 3189 2044 3258 neminem

372 3293 480 3370 banis
505 3293 578 3366 suis
605 3290 762 3392 privari,
787 3289 1010 3388 injuriamve
1036 3291 1134 3386 pati,
1159 3289 1376 3358 constitutus
1401 3285 1532 3388 judex,
1554 3285 1733 3387 judicium
1759 3285 1990 3374 ordinatum,
2007 3313 2044 3358 a·

369 3399 521 3470 'clionee
545 3393 585 3464 in
611 3414 653 3463 eo
677 3387 897 3460 exercendae
923 3384 1178 3487 promulgatae
1203 3400 1298 3460 sont.
1325 3383 1405 3460 Hoc
1431 3390 1551 3485 itaque
1577 3389 1666 3486 juris
1692 3383 1853 3458 remedio
1880 3397 1955 3456 tam
1983 3410 2046 3457 nm

370 3483 460 3586 bilis
484 3515 595 3594 quam
622 3485 808 3590 ignobilis,
835 3499 912 3560 tam
939 3483 1109 3560 infirmus
1135 3499 1172 3560 et
1199 3489 1338 3576 minor,
1354 3511 1466 3585 quam
1485 3487 1652 3560 robustus
1678 3495 1714 3555 et
1733 3487 1848 3583 major
1865 3484 2045 3558 damnum

372 3591 444 3673 sibi
469 3590 693 3669 vindicando
718 3588 868 3660 illatum
893 3588 1136 3685 consequitur.
1159 3589 1259 3678 Quae
1285 3590 1314 3658 ei
1343 3612 1416 3660 non
1443 3599 1580 3674 essent,
1602 3585 1779 3684 injustitia
1806 3584 1966 3684 justitiae
1983 3609 2047 3656 au·

376 3693 588 3783 teferretur,
612 3691 802 3785 virtusque
820 3687 909 3760 vitio
926 3691 1202 3786 opprimeretur.
1229 3686 1352 3759 Solent
1386 3687 1485 3759 enim
1511 3687 1677 3785 plerique
1704 3684 1896 3773 mortales,
1921 3709 2046 3756 amore

374 3793 558 3892 corrupti,
585 3789 735 3876 melius,
760 3810 871 3888 quarn
901 3787 1040 3886 justitia
1067 3785 1161 3855 ferre
1187 3799 1324 3885 potest,
1350 3789 1396 3859 de
1412 3785 1576 3958 propriis
1602 3787 1690 3857 actis
1726 3783 1904 3885 judicare,
1929 3798 1990 3858 aut
2016 3787 2046 3856 si

375 3891 529 3968 videant
557 3889 643 3962 licet
669 3891 801 3994 justum
829 3900 867 3957 et
893 3887 1070 3988 injustum
1096 3886 1367 3979 interveniens,
1390 3913 1408 3959 a
1438 3899 1585 3960 actuum
1607 3897 1729 3959 tamen
1749 3888 1926 3982 pravitate
1950 3884 2049 3956 docti

376 3997 515 4112 justam
541 3989 800 4065 administrare
825 3985 969 4062 nolunt.
994 3983 1089 4058 Cum
1116 3999 1237 4058 autem
1273 4011 1339 4086 pro
1362 3987 1611 4060 humanarum
1638 4008 1760 4056 rerum
1796 3985 2048 4080 contingentia

377 4095 448 4196 spei
473 4115 576 4166 carus
601 4100 826 4186 emergentes
850 4089 1012 4178 varient,
1040 4099 1077 4159 et
1102 4087 1182 4185 pari
1209 4087 1319 4160 mado
1345 4087 1392 4160 de
1416 4085 1586 4159 omuibus
1612 4085 1651 4156 in
1678 4083 1756 4155 foro
1781 4085 1959 4183 disputari
1980 4091 2048 4154 ina·

379 4191 558 4296 possibile
577 4191 758 4278 evenerit,
779 4187 983 4262 actionibus
1008 4185 1141 4285 quibus
1165 4188 1299 4285 cuique
1324 4187 1478 4287 experiri
1504 4185 1665 4272 licitum,
1694 4207 1765 4256 aon
1794 4185 1901 4258 modo
1928 4187 2047 4255 uomi-

377 4295 519 4386 nibus,
534 4292 597 4364 sed
617 4289 790 4364 ¹formulis
815 4286 1039 4362 solemnibus
1055 4287 1254 4358 distinxere
1279 4287 1454 4377 Romani,
1479 4311 1550 4385 qao
1583 4287 1714 4384 cuique
1748 4277 1960 4384 experiundi
1986 4309 2047 4383 po-

377 4407 490 4468 testas
516 4389 676 4482 facilior,
702 4399 738 4461 et
765 4385 909 4489 judiciis
935 4389 1023 4488 ipsis
1049 4391 1167 4459 exitus
1195 4389 1257 4459 fiat
1284 4388 1434 4461 felicior.
1460 4387 1671 4478 Ast,sicuti
1698 4381 1819 4483 plures
1844 4387 1883 4458 in
1911 4410 1982 4456 uua
2009 4407 2049 4454 re

379 4495 521 4592 saepius
545 4493 711 4565 oriuntur
732 4489 908 4586 injuriae,
925 4489 1021 4559 et'ex
1041 4513 1112 4560 uno
1141 4487 1237 4559 facto
1262 4487 1400 4570 diversi
1418 4501 1619 4561 nascamur
1633 4496 1808 4575 eventus,
1824 4485 1875 4556 ita
1894 4495 1930 4555 et
1948 4487 2046 4581 ipsae

380 4595 539 4668 actiones
564 4593 661 4665 inter
686 4613 724 4661 se
749 4601 971 4661 concurrunt
997 4587 1259 4682 diversimode3
1285 4589 1332 4662 de
1358 4588 1426 4662 bac
1454 4589 1580 4689 itaque
1618 4587 1913 4659 concurrentium
1940 4585 2049 4654 actio-

379 4715 473 4766 num
498 4703 626 4764 natura
650 4702 688 4762 et
714 4685 842 4764 effectu
869 4713 933 4787 pro
958 4689 1094 4784 ingenii
1120 4691 1298 4762 tenuitate
1331 4689 1399 4764 bac
1433 4690 1511 4761 vice
1546 4711 1649 4784 agere
1684 4709 1826 4756 mecum
1852 4683 2048 4772 constitui3

384 4791 529 4892 quodsi
555 4789 728 4864 materiae
753 4788 913 4884 gravitas
937 4802 1085 4886 captum
1113 4815 1237 4862 meum
1265 4788 1488 4890 superaverit
1538 4799 1637 4859 aetas
1659 4797 1696 4856 et
1721 4785 1859 4881 ingenii
1888 4786 2050 4855 tenuitas

385 4915 448 4966 me
472 4887 706 4964 excusabunt.
731 4887 786 4961 Ut
811 4900 935 4961 autem
961 4886 1058 4960 felici
1084 4892 1245 4992 auspicio
1267 4891 1407 4984 ordiar,
1431 4903 1468 4962 et
1496 4839 1608 4962 baem
1633 4887 1821 4987 imponam
1848 4884 2053 4985 proposito,

387 4993 510 5072 Deum
532 4987 742 5070 ardentibus
765 4985 924 5090 esssegito
949 4985 1124 5090 precibus.
