4404 6168
282 227 338 287 8111
888 225 936 280 DE
955 223 1069 282 ciust
1088 225 1258 286 tonttttt.
1803 227 1860 284 8811

232 339 364 400 sumptum
382 322 568 379 contrahentes
584 321 670 390 inesto
688 323 1050 393 permundentur-‚Quem-
1097 327 1185 397 cipum
1210 321 1463 386 constitutionibus,
1489 319 1614 392 inprimis
1639 321 1689 390 tie,
1708 341 1777 396 qnee
1794 325 1853 378 tuoe
1872 341 1919 376 sua

230 415 272 468 eis
295 412 325 464 ad
354 414 529 480 juramentum
549 419 602 462 tum
621 409 727 460 demum
758 406 944 460 recurrendum
978 418 1050 476 potet
1099 411 1219 472 redient,
1237 409 1367 480 aeepritete
1385 407 1526 469 suisnisee,
1545 406 1566 458 ei
1588 408 1745 476 inspicimus
1759 409 1836 461 rerba
1856 425 1920 460 coo·
1946 449 1949 455 .

232 497 293 550 Dan
311 497 415 550 ttotter.
432 495 471 548 od
488 493 666 546 conciscere.
683 493 717 562 p.'
736 491 795 544 Μ.
822 492 906 542 ³212.
927 491 971 543 32.
990 508 1049 544 eum
1098 494 1263 558 stitutionis,
1280 492 1525 562 deprehendemus,
1545 493 1732 560 imperatorem
1760 494 1787 546 ic
1807 495 1919 562 pertine·

226 579 294 634 eiiae
310 579 483 649 probotionee
501 575 605 628 desunt.
623 575 694 642 Quid
715 593 776 628 eero
793 576 822 626 in
847 592 906 626 coru
938 575 1048 643 perjurii
1097 593 1139 632 ces
1157 577 1371 640 defraudaturos,
1389 575 1433 645 qni
1453 575 1575 642 legitimo
1596 577 1762 644 probationis
1793 579 1833 629 ria
1861 591 1920 628 eon·

225 663 365 727 obtinent,
384 671 408 714 et
434 660 566 727 quomodo
597 659 744 727 probetne„
769 657 853 710 fusius
884 658 1051 728 persequitur
1100 663 1160 715 rieti
1180 673 1257 724 sont,
1277 662 1327 712 hoo
1347 657 1424 710 modu
1443 659 1602 727 ceqrrissime
1633 660 1841 713 animadvertere
1872 676 1916 711 ιο·

224 747 323 800 metit.
342 746 375 798 de
395 741 688 796 moronensem.
1100 747 1358 799 luisse.Viretiem
1392 744 1463 794 iiiam
1494 743 1710 806 distinctionem,
1742 752 1830 795 utrum
1861 745 1921 812 quis

183 865 192 880 .
264 830 431 896 Secundum,
451 831 479 882 in
498 847 550 898 qno
569 827 652 882 forma
671 825 779 896 congrui
799 827 929 892 consistit,
950 839 975 882 et
987 847 1001 881 a
1014 828 1050 882 ri·
1102 843 1170 882 metu
1190 829 1372 898 probationum
1392 837 1436 878 eut
1454 837 1548 896 sponte
1566 821 1734 891 confitentur,
1746 825 1779 878 ed
1798 819 1920 878 eflectum

225 915 288 970 eino
305 918 456 970 retrahente
475 913 696 983 requirimur
717 912 791 980 pretii
812 914 875 979 justi
895 913 1001 966 solutio·
1014 915 1050 966 Ut
1104 911 1266 980 mitigandae
1284 928 1383 980 poenae
1401 911 1444 962 hio
1464 908 1603 979 procedere
1632 921 1770 978 potamum
1803 926 1863 961 nam
1896 909 1920 960 si

227 1001 327 1067 iustum
347 998 532 1070 eitpeetinm,
561 997 666 1065 institis·
694 999 890 1059 commutatico,
922 1013 956 1049 oe
985 1000 1051 1052 after
1102 1013 1183 1066 perne
1202 995 1230 1048 in
1244 994 1429 1048 constitutione
1440 1007 1561 1062 expressa
1575 1009 1626 1044 nou
1644 991 1747 1053 referet,
1763 989 1890 1061 frausips
1903 1015 1921 1034 ··

227 1084 403 1152 pereiterum
424 1082 557 1144 foedetur,
578 1097 666 1134 serere
686 1081 787 1149 erigit.
815 1081 931 1148 illudque
964 1083 1050 1151 ipsum
1103 1095 1159 1130 eum
1178 1087 1248 1131 reret
1267 1074 1499 1146 imprrnite,quod
1521 1085 1607 1126 teneo
1628 1075 1691 1144 imp.
1712 1091 1764 1126 nou
1785 1075 1855 1139 enit,
1877 1073 1922 1127 sed

225 1181 258 1218 ea
277 1168 315 1221 eei
336 1167 486 1221 vendendos
505 1181 564 1214 cnm
585 1167 670 1233 pretio
688 1165 875 1234 aequiraientia
902 1175 924 1216 et
943 1180 1050 1234 propor·
1100 1167 1181 1217 etiam
1201 1171 1262 1216 ente
1278 1165 1453 1231 intumentum
1474 1159 1534 1210 doio
1553 1157 1665 1228 probato
1693 1169 1833 1212 retractum
1863 1159 1921 1211 ruit

229 1252 302 1306 tione
322 1252 384 1306 hine
404 1249 466 1302 inde
484 1248 574 1300 habita
594 1247 762 1301 determinet.
795 1249 937 1317 Propertio
964 1261 1049 1304 antem
1100 1249 1248 1315 obserseri,

225 1343 251 1386 et
269 1333 421 1404 exsequatio
440 1333 484 1384 iffa
502 1331 583 1383 rer-iis
603 1329 687 1381 modis
707 1330 734 1382 in
754 1331 807 1381 vita
825 1332 963 1386 hominum
978 1334 1049 1386 eirifi
1136 1334 1286 1387 Noteodum
1306 1343 1390 1384 antem
1411 1340 1464 1395 est,
1483 1329 1588 1400 qnando
1604 1337 1708 1400 emptor
1734 1331 1924 1400 praesumptio·

226 1427 335 1486 propter
353 1433 442 1470 rerum
461 1428 578 1469 naturam
597 1425 620 1468 et
637 1412 814 1466 conditionem
834 1417 1052 1470 sorttsimmanae
1101 1419 1179 1472 oibos
1197 1429 1223 1470 et
1241 1418 1398 1486 conjecturis
1418 1429 1458 1470 cet
1476 1429 1611 1487 graretrrs,
1632 1415 1700 1486 quod
1726 1413 1815 1466 dolose
1839 1415 1922 1482 meins

229 1497 374 1566 definitur,
405 1509 433 1552 ut
464 1497 549 1551 fusim
575 1496 738 1551 demonstret
771 1499 854 1550 dude.
882 1499 995 1550 Dinuer.
1014 1501 1048 1554 de
1079 1503 1213 1571 ¹pretinm
1233 1503 1372 1567 obtulerit,
1391 1503 1471 1556 refoti
1491 1501 1643 1556 sifioitetor
1662 1501 1722 1569 plns
1747 1498 1862 1554 offerens
1881 1500 1922 1551 di·

224 1582 295 1652 just.
307 1601 359 1636 rer.
367 1577 566 1653 pret-etirdvu
583 1580 697 1634 Boecfer.
713 1581 742 1634 r'n
755 1583 889 1636 eruditiss.
900 1583 1003 1638 dissert.
1017 1585 1051 1636 de
1100 1592 1156 1646 eat,
1175 1601 1230 1637 rem
1252 1585 1302 1636 eibi
1324 1602 1370 1656 pro
1390 1597 1462 1656 parte
1480 1601 1536 1638 esee
1555 1585 1691 1636 renditsm
1722 1592 1748 1634 et
1777 1599 1826 1651 pen
1844 1593 1918 1650 perte

230 1681 358 1718 mensum
379 1666 468 1734 pretii.
496 1667 550 1720 Noe
569 1669 596 1718 in
614 1675 704 1718 nostro
731 1677 841 1718 retracto
868 1667 1046 1722 redditionem
1101 1669 1238 1732 donarem,
1257 1667 1332 1722 Boer.
1351 1669 1405 1720 deo.
1427 1669 1487 1718 113·
1509 1677 1570 1719 tone
1589 1669 1792 1718 instrumentum
1818 1673 1921 1716 contre-

228 1749 281 1814 jam
304 1746 446 1816 pedentim
466 1751 661 1820 respicientes,
691 1750 757 1804 iilud
774 1752 870 1817 justum
896 1764 918 1804 et
940 1771 953 1804 e
973 1767 1052 1808 retes«
1100 1765 1156 1806 etos
1176 1755 1268 1815 edere,
1291 1763 1314 1804 et
1333 1752 1446 1819 pretinm
1468 1753 1553 1816 jurato
1581 1749 1698 1802 indicare
1729 1757 1841 1800 tenetur.
1869 1745 1922 1798 Do.

229 1829 306 1884 heuto
324 1830 412 1892 ricino
431 1834 583 1886 sofrendum
603 1836 718 1906 pretium
739 1835 947 1904 dicimue,quod
961 1847 1047 1890 extre·

229 1929 294 1968 neus
311 1925 417 1984 emptor
434 1917 510 1970 soteit
534 1920 573 1971 ref
593 1921 690 1972 sofreee
719 1920 857 1988 promisit,
883 1935 940 1988 erg.
966 1921 1048 1993 ffln.

229 2013 252 2050 c.
264 1995 298 2052 de
310 2000 362 2067 jor.
375 2004 494 2072 emphyt.
506 2003 524 2052 l.
536 2021 596 2070 pen.
609 2015 635 2058 et
648 2005 697 2057 trit.
709 2022 731 2057 c.
744 2005 770 2058 d.
785 2006 836 2058 foc.
848 2005 940 2070 proed.
957 2008 1009 2060 cie.
1028 2008 1050 2060 f.

229 2099 260 2136 ec.
274 2085 299 2134 1.
310 2099 333 2134 c.
342 2085 431 2154 poterit
442 2084 469 2136 1.
480 2085 525 2139 itt.
539 2098 677 2156 peroratum
690 2084 741 2136 citt
752 2087 787 2136 od
801 2086 863 2140 nfe'e's
876 2086 1001 2156 offic-tur.
1019 2107 1049 2143 x.

229 2164 256 2218 d.
268 2165 349 2220 forat.
362 2165 443 2220 enred.
454 2169 560 2238 'f'irerpm
579 2189 608 2237 p.
624 2173 648 2221 t.
660 2167 684 2240 5.
699 2171 724 2218 1.
736 2168 770 2235 pf.
795 2169 838 2223 18.
854 2185 881 2220 rr.
897 2170 921 2218 1.
937 2173 993 2220 ttoe
1011 2170 1046 2222 fa·

228 2248 262 2300 cit
281 2260 363 2301 conet-
383 2248 497 2308 Elector.
517 2253 612 2306 Senon.
632 2253 678 2304 33.
697 2251 857 2323 disponense
888 2251 962 2304 Dore
981 2253 1046 2319 der,

229 2333 352 2386 oetatem
370 2334 419 2388 der
444 2334 590 2401 Vorkouff
604 2337 736 2404 getdtsrsr
759 2334 832 2385 nirdt
853 2334 935 2386 offeira
953 2339 1046 2400 iustum

226 2419 356 2486 pretium,
373 2419 494 2470 eonderra
507 2435 538 2470 so
552 2420 618 2482 vr'ef,
632 2420 674 2471 ofs
687 2419 736 2472 der
752 2415 933 2486 Ver-kneuffir
943 2437 995 2474 eon
1010 2421 1038 2472 οἱ

231 2517 294 2552 reem
305 2500 405 2552 urdene
419 2502 504 2554 froben
517 2503 589 2564 kare,
612 2503 706 2556 enfrfera
718 2505 773 2556 nnd
791 2503 897 2572 erfegen
921 2505 982 2556 roff.
1001 2505 1041 2556 Jr's

228 2599 316 2636 waere
330 2583 509 2648 donastistae,
524 2583 589 2639 dass
601 2587 779 2656 detrttgficfrer
797 2586 885 2640 Weire
902 2588 981 2640 einen
994 2607 1049 2641 um·

227 2666 375 2737 mundun,
386 2671 454 2722 oder
464 2689 523 2723 uon
535 2669 596 2724 dene
615 2671 759 2739 Vordnuff
766 2673 813 2724 orit
831 2689 943 2742 genesen
972 2671 1046 2742 Aus-

1100 1835 1220 1888 Ridrter.
1239 1835 1265 1888 A,
1278 1833 1356 1887 decis.
1372 1851 1398 1887 n.
1412 1835 1456 1886 22.
1476 1834 1603 1902 Cerpzor.
1614 1849 1642 1902 p.
1654 1833 1679 1883 ss.
1692 1849 1716 1884 o.
1736 1833 1780 1883 31.
1799 1833 1825 1883 d.
1844 1831 1870 1882 2.
1891 1847 1922 1882 n.

1100 1920 1126 1971 fi.
1144 1918 1178 1971 Et
1196 1919 1217 1971 si
1236 1915 1371 1980 affirmet,
1390 1933 1445 1970 rem
1466 1935 1513 1986 pro
1534 1929 1605 1985 parte
1632 1914 1682 1968 sibi
1707 1931 1764 1966 esse
1790 1911 1921 1966 eanditem

1100 2014 1125 2056 et
1144 2023 1192 2075 pro
1210 2014 1283 2074 perte
1302 2003 1440 2069 donatamp
1459 2002 1593 2055 retrahens
1611 1999 1643 2050 ed
1663 1997 1823 2051 refusionem
1844 1993 1922 2066 pretii

1099 2105 1146 2158 pro
1165 2101 1238 2158 parte
1256 2089 1349 2140 desueta
1369 2105 1422 2140 noc
1442 2090 1494 2140 erit
1511 2086 1673 2149 obstrietus,
1693 2083 1745 2136 uisi
1772 2079 1840 2132 forte
1858 2099 1921 2132 eeu·

1099 2173 1170 2226 ditor
1189 2183 1279 2226 erecte
1299 2175 1336 2226 rei
1357 2173 1471 2241 pretium
1491 2172 1596 2232 sciens,
1622 2167 1665 2231 id,
1700 2169 1770 2235 quod
1796 2167 1922 2230 excedit,

1101 2267 1230 2326 tamqnam
1251 2268 1350 2327 partem
1371 2256 1451 2326 pretii
1471 2252 1628 2315 doneeerit,
1644 2251 1693 2303 froc
1711 2251 1782 2302 enim
1802 2265 1860 2300 cren
1879 2263 1920 2301 re·

1099 2340 1204 2392 trahens
1224 2357 1275 2392 non
1294 2339 1462 2402 edmittitur,
1484 2337 1535 2388 nisi
1557 2336 1634 2388 simui
1649 2335 1774 2388 donatum
1789 2333 1920 2388 restituet.

1098 2422 1141 2478 Id.
1160 2425 1214 2494 defi
1227 2425 1253 2476 fi.
1271 2427 1348 2478 ,fusto
1367 2423 1415 2474 fiac
1433 2421 1535 2476 ratione
1552 2419 1644 2492 pretio
1669 2419 1831 2480 constituto,
1850 2417 1916 2469 sofo-

1100 2506 1144 2558 tio
1161 2507 1276 2571 eiusdem
1297 2505 1453 2561 attendende
1477 2506 1567 2570 renit,
1586 2503 1656 2556 banc
1673 2519 1734 2555 rero
1759 2501 1919 2554 determine·

1100 2607 1157 2642 enne
1174 2607 1205 2644 er
1225 2589 1385 2658 obtigetione
1403 2589 1537 2652 extreneis
1556 2599 1582 2641 et
1602 2586 1623 2638 ei
1644 2587 1687 2638 hic
1706 2583 1770 2637 iifnd
1797 2587 1848 2654 jem
1868 2585 1922 2638 eof·

1101 2674 1184 2738 serit,
1204 2685 1248 2726 aot
1267 2673 1298 2724 ed
1312 2686 1394 2728 certos
1409 2671 1552 2734 terminos,
1564 2671 1621 2741 oras
1632 2669 1771 2739 Tegeeer't,
1786 2669 1921 2722 residuum

229 2753 512 2810 sotecbsuscdreicfren
522 2757 739 2828 gednndeftaid.
760 2759 852 2827 Carpe.
868 2777 895 2830 p.
916 2758 941 2808 2
966 2761 1047 2812 odd.
1098 2757 1250 2810 sofrendnm
1271 2759 1323 2819 eit,
1344 2767 1405 2810 tuuc
1426 2755 1507 2818 iffnd,
1531 2755 1602 2824 quod
1627 2758 1739 2808 solutum
1748 2791 1758 2820 ,
1789 2755 1919 2826 prementi

231 2834 413 2908 defithod
432 2840 505 2893 siad
523 2839 713 2894 escfrrdendum
745 2841 934 2897 eludendumee
964 2853 1045 2896 retre·
1098 2845 1206 2911 pecunie
1225 2844 1381 2904 restituere,
1401 2843 1470 2895 etin
1491 2841 1599 2893 residuo
1624 2841 1752 2894 terminos
1782 2839 1922 2893 obserere-e

229 2919 335 2976 hentem
357 2925 482 2992 maiorem
503 2927 582 2996 pretii
605 2945 753 2990 summam,
778 2944 855 2996 qoem
886 2944 973 2982 revere
999 2947 1047 3000 pro
1098 2927 1200 2980 eicioue
1220 2935 1342 2991 tenetur;
1362 2926 1430 2979 ertio
1448 2925 1548 2996 prioris
1567 2923 1707 2977 deducitur
1718 2939 1750 2975 ex
1764 2935 1851 2978 nature
1866 2937 1921 2977 sur·

227 3021 258 3060 re
276 3007 361 3060 solute
393 3011 432 3062 ref
452 3013 581 3078 premiere
602 3009 669 3076 fuit,
700 3023 803 3080 emptor
821 3011 942 3078 eimufet,
968 3010 1048 3083 idque
1097 3024 1265 3081 rogatorum,
1286 3011 1438 3080 posterioris
1466 3027 1499 3063 cx
1517 3009 1654 3063 dilationis
1681 3009 1823 3078 quaiitate,
1853 3025 1920 3078 quae

230 3090 315 3144 teucri
333 3101 483 3146 contractus
502 3095 584 3148 inseri
604 3103 691 3158 coreis
713 3094 774 3147 talis
804 3091 981 3148 fraudulentus
1011 3097 1045 3147 ei·
1098 3108 1222 3148 censetur
1239 3097 1381 3148 diminutio
1399 3094 1523 3164 quaedem
1545 3093 1626 3163 pretii
1646 3094 1664 3146 t.
1678 3093 1723 3146 oo.
1736 3101 1762 3146 et
1774 3093 1793 3143 f.
1804 3093 1849 3144 18.
1863 3092 1920 3156 §.d

228 3175 342 3228 mutator
360 3193 411 3228 non
429 3187 529 3230 tectum
549 3189 576 3230 nt
596 3177 715 3231 fdsarius
741 3179 882 3232 erbitrerie
913 3197 962 3248 pro
987 3178 1048 3232 doio
1095 3177 1317 3249 ffiod1.sofer'd.
1338 3180 1405 3232 sicot
1424 3195 1438 3230 e
1458 3195 1581 3232 converso
1599 3179 1707 3242 sofutio,
1726 3195 1791 3248 qrree
1810 3172 1843 3230 fir
1861 3188 1922 3230 ente

229 3273 261 3308 en
278 3259 419 3312 commisse
436 3260 606 3314 simulatione
627 3261 747 3329 punitur,
768 3261 812 3314 sed
831 3263 912 3314 etiam
944 3264 1045 3316 inem·
1098 3261 1189 3324 diem,
1210 3273 1332 3314 censetur
1350 3261 1452 3331 aliquid
1472 3261 1532 3330 pius
1552 3264 1706 3326 continere,
1729 3261 1747 3312 f.
1765 3261 1807 3312 10.
1834 3263 1853 3317 t.
1877 3261 1921 3314 fd.

230 3339 303 3395 tione
321 3352 482 3396 numeretern
502 3345 639 3414 pecuniem
659 3342 723 3397 fisco
741 3344 933 3398 ettribuendam
948 3347 1047 3415 perdit,
1088 3343 1128 3413 ff.
1141 3365 1184 3412 qu.
1200 3343 1282 3414 infr·-
1297 3347 1368 3399 ored.
1382 3346 1399 3397 1.
1414 3343 1560 3414 mesto.
1574 3347 1634 3397 eod.
1658 3353 1686 3396 et
1702 3345 1748 3413 qni
1767 3355 1829 3396 ecte
1846 3344 1920 3397 diem

228 3435 254 3480 et
273 3427 406 3480 retreiteos
423 3443 479 3480 rect
500 3437 638 3480 retrectare
657 3428 739 3497 gretie
766 3437 795 3480 ct
812 3428 870 3481 sine
896 3429 1050 3500 sumptibus
1098 3429 1176 3499 petit,
1196 3429 1252 3497 pios
1271 3441 1360 3500 petere
1376 3429 1475 3481 dicitur
1493 3429 1521 3480 in
1540 3425 1564 3498 5
1576 3430 1620 3480 33.
1634 3427 1697 3480 inst.
1711 3428 1743 3479 de
1756 3439 1808 3480 oct.
1829 3429 1858 3482 Si
1872 3430 1920 3497 igi·

229 3507 291 3562 ultis
322 3509 437 3574 retiner,
469 3513 497 3562 ei
526 3511 619 3564 dodoc.
640 3509 817 3565 Demirooder.
842 3513 887 3564 do·
914 3513 1001 3567 Strui.
1018 3511 1047 3566 in
1099 3513 1259 3565 turricinos
1288 3513 1434 3582 prireretur
1463 3529 1494 3564 eo
1518 3509 1658 3564 commodo
1686 3509 1823 3564 dilationis
1849 3513 1923 3566 datae

231 3593 302 3661 disp.
313 3593 347 3646 de
357 3595 480 3650 er'mnfot.
491 3607 624 3650 oontroot.
637 3614 660 3650 o.
680 3598 705 3650 d.
717 3589 743 3650 θ.
757 3599 801 3650 tt.
813 3595 909 3652 Eodem
924 3597 979 3650 fero
991 3617 1049 3668 poe.
1099 3595 1186 3663 primo
1206 3597 1336 3664 emptori,
1355 3605 1506 3650 censeretur
1525 3613 1581 3650 rem
1602 3613 1653 3648 coc
1673 3593 1764 3649 eodem
1785 3597 1871 3668 pretio
1883 3614 1922 3650 re·

229 3694 263 3731 ue
280 3676 443 3746 exprimitur
461 3681 490 3733 fn
508 3681 700 3736 constitutione
717 3681 865 3736 friderici:
886 3681 941 3734 ibir
954 3681 1048 3747 cipro·
1099 3677 1212 3744 dimeee,
1232 3679 1277 3733 sed
1297 3682 1400 3748 majori.

230 3760 430 3831 dotomsoerit,
443 3777 540 3818 contre
553 3765 776 3821 constitutionem
789 3773 911 3820 nostrone
924 3766 1049 3819 rr'mufote
1133 3761 1165 3815 Et
1182 3763 1244 3816 ficet
1262 3763 1383 3817 eonditor
1401 3765 1533 3836 excipiet,
1553 3782 1579 3818 se
1598 3783 1630 3820 ex
1650 3765 1758 3836 speciefi
1779 3767 1878 3820 retione
1890 3761 1921 3817 fi·

232 3841 572 3912 froeficr'ereeterrditorem
585 3861 783 3917 demptorem,
802 3868 859 3904 rem
882 3859 909 3903 et
931 3849 1049 3918 pretium
1099 3842 1158 3898 dem
1179 3845 1211 3899 de
1230 3849 1316 3916 pretio
1335 3847 1477 3914 habuisse,
1496 3847 1566 3918 quod
1586 3849 1687 3920 primus
1699 3859 1803 3920 emptor
1822 3863 1921 3916 specte·

228 3927 361 3995 perderet,
379 3929 488 4001 etfisce
508 3934 711 4005 oppft'coditur,
719 3934 812 4007 fiscus
836 3944 927 3990 notem
956 3936 1051 3988 vendet
1102 3938 1142 3982 tec
1160 3927 1222 3984 fidei
1242 3945 1268 3986 et
1286 3933 1427 4004 probitatis
1445 3933 1495 3996 eit,
1516 3951 1564 3985 nee
1589 3931 1712 3987 difficilis
1736 3933 1919 3986 consentionis

229 4031 288 4068 rena
307 4015 385 4070 ittam
402 4015 470 4080 iltis,
489 4018 537 4088 pm·
552 4017 989 4091 tostorjmpmrtmttsoe.Quod
1007 4021 1048 4072 ut.
1099 4023 1143 4066 ent
1161 4017 1341 4078 executionis;
1361 4019 1437 4084 hrrjos
1454 4027 1539 4071 entem
1558 4013 1697 4068 commetie
1723 4030 1776 4066 uon
1802 4015 1838 4066 eit
1857 4015 1920 4066 siei-

232 4097 329 4150 timum
348 4099 429 4153 etiem
449 4101 532 4168 crepis
550 4103 655 4156 retione
673 4119 716 4154 eua
736 4103 943 4170 nititur,quem
961 4103 1049 4171 iliud,
1101 4099 1298 4161 nuernbetebit
1318 4099 1402 4152 eidem
1422 4109 1508 4153 tameo
1528 4109 1681 4152 statutorum
1713 4099 1752 4152 rel
1782 4110 1920 4151 consuetu·

230 4181 363 4248 urgentis
382 4183 500 4236 tradetur
519 4184 822 4254 retrahentt‚qu0,t.,t
841 4201 917 4237 suum
944 4187 1048 4250 boum,
1099 4175 1172 4231 dinis
1189 4181 1318 4244 scientie,
1335 4195 1383 4234 nec
1401 4181 1467 4248 jorio
1486 4182 1634 4252 ignorantia
1654 4182 1741 4250 ipsum
1768 4182 1921 4250 erecestre,

231 4273 259 4318 nt
278 4263 409 4320 daueros
427 4265 510 4326 state,
528 4268 721 4338 restringimus.
736 4268 980 4337 Quemquametism
1001 4269 1052 4322 tut.
1097 4263 1172 4330 culpa
1191 4263 1279 4334 itique
1296 4280 1340 4315 sua
1359 4263 1484 4318 damorrnr
1502 4265 1572 4335 quod
1591 4263 1690 4334 sentit,
1710 4268 1809 4318 sentire
1822 4283 1874 4318 non
1887 4267 1923 4318 ri·

229 4347 358 4416 quitatem
377 4351 514 4403 continere
532 4349 650 4403 eideetor
679 4351 706 4404 d.
724 4352 877 4406 constitutio
902 4353 998 4404 ftfntth.
1017 4353 1050 4407 de
1101 4345 1193 4408 detur,
1212 4347 1231 4400 f·
1257 4346 1445 4416 203·‘1·r·t'·
1469 4347 1571 4419 Quodsi
1598 4357 1685 4402 femen
1710 4352 1808 4416 iustum
1834 4349 1923 4404 subsit

232 4431 336 4488 stetin.
354 4440 377 4496 ς.
395 4433 419 4486 1.
438 4449 465 4484 rr.
483 4435 527 4486 di.
546 4451 605 4487 nane
624 4433 874 4500 deberentsqotr,
904 4429 1048 4503 sufficere,
1100 4430 1260 4498 periculum,
1291 4431 1399 4502 sequius
1429 4431 1498 4498 erit,
1528 4442 1558 4486 ut
1587 4433 1685 4499 iudicis
1708 4436 1781 4503 jussu
1801 4435 1921 4490 idoneam

233 4518 304 4585 qood
324 4521 364 4569 ets
381 4533 435 4570 non
453 4518 578 4588 prodest,
597 4519 647 4572 tros
665 4525 720 4586 set,
745 4519 813 4588 qood
844 4517 935 4573 testreet
965 4521 1048 4573 tossen
1099 4514 1242 4568 rectionem
1263 4516 1297 4568 de
1314 4517 1402 4586 pretio
1421 4515 1538 4571 termino
1555 4527 1684 4572 consecto
1701 4519 1826 4574 solvendo
1850 4537 1922 4587 prae·

228 4603 270 4667 jue
288 4600 415 4671 congrui,
433 4617 467 4656 er
485 4614 536 4672 qno
553 4601 673 4656 frondem
699 4601 813 4656 confessi
841 4600 964 4665 tuereris
990 4605 1049 4668 quie
1100 4605 1169 4660 stet,
1189 4615 1248 4668 erg.
1266 4601 1285 4651 f.
1303 4617 1385 4654 omne
1405 4617 1452 4656 aes
1471 4603 1514 4655 27.
1534 4611 1561 4655 et
1579 4601 1741 4672 28.ff.pro
1759 4620 1815 4658 sce.
1843 4605 1921 4658 Zees.

230 4685 326 4738 mitius
343 4697 384 4738 eet
399 4685 531 4756 {gendum
552 4703 612 4738 etim
632 4683 752 4740 aufem
781 4686 815 4740 de
831 4686 952 4748 erimine,
971 4703 1047 4756 qnam
1097 4677 1124 4730 ἆ.
1139 4683 1339 4736 mmcd-affl&
1353 4685 1442 4739 Jewb.
1461 4685 1589 4740 Mendeff.
1608 4687 1704 4740 contt'f.
1726 4687 1784 4739 107.
1804 4705 1833 4740 n.
1847 4687 1872 4738 2.
1893 4689 1917 4740 3.

230 4766 252 4817 ei
271 4783 318 4836 pee
336 4777 415 4822 testes
433 4769 535 4821 crimen
553 4768 725 4838 probaretur,
745 4783 794 4838 per
811 4778 875 4822 teet.
894 4785 1046 4840 expressum
1099 4765 1125 4816 fi.
1146 4764 1219 4818 dfies
1237 4767 1340 4820 cutione
1358 4770 1411 4838 jem
1431 4769 1510 4824 soluti
1530 4769 1608 4840 pretii
1628 4767 1685 4821 deta
1706 4769 1813 4840 pignore
1828 4771 1867 4824 eei
1887 4765 1922 4822 fi·

229 4852 259 4902 io
277 4869 302 4904 o.
320 4851 667 4924 a.dtertssst.tto,sts,fin,
685 4853 804 4908 afrem.
822 4853 900 4907 Unde
919 4853 1047 4923 tutetttpte
1098 4847 1245 4913 defuesoree
1265 4867 1318 4904 noo
1338 4849 1486 4914 sufficient,
1506 4854 1566 4922 quie
1586 4851 1634 4904 froc
1655 4853 1734 4906 modo
1760 4871 1813 4906 eon
1843 4853 1921 4907 sofri-

229 4935 280 4988 ftcc
298 4940 458 5006 procedere,
475 4937 579 5009 qnando
599 4941 696 4992 timore
713 4937 901 5008 probationnm
912 4949 973 4992 sont
987 4953 1048 4992 coo·
1100 4937 1143 4983 ω’
1161 4931 1180 4982 Ῑ·
1199 4929 1224 4984 f·
1239 4939 1260 4996 i·
1274 4931 1494 5004 “distractor-ff·
1507 4933 1680 5008 defessus-1·
1695 4935 1783 5004 Μ
1806 4935 1832 4987 d·
1843 4939 1921 5008 pign-

230 5015 308 5080 feeei,
330 5037 389 5072 nam
409 5031 470 5074 nene
488 5039 541 5075 noc
560 5035 746 5076 excusarentur
765 5041 778 5075 e
804 5037 886 5090 poene
915 5021 994 5090 trojus
1012 5024 1045 5078 fe·
1098 5027 1150 5068 tm·
1162 5018 1180 5068 ἱ·
1198 5016 1709 5092 Μ·1·,θὶᾳιι.ω.ρι“ςιι.οε11ι,γροε]ι.
1731 5023 1748 5075 f.
1763 5024 1806 5075 nt.
1826 5022 1918 5093 §.fin

229 5103 269 5166 eis
286 5119 334 5172 per
352 5119 376 5156 c.
388 5106 571 5173 praesentium
584 5124 608 5159 c.
621 5108 647 5158 1.
667 5125 712 5175 qu.
725 5106 748 5157 fi.
763 5103 816 5158 Sed
835 5103 858 5156 si
877 5115 970 5174 sponte
987 5121 1047 5158 con·
1090 5097 1130 5166 ff.
1145 5101 1172 5154 d.
1185 5101 1292 5156 constit.
1306 5121 1404 5172 pecun-
1421 5104 1562 5173 lieinking.
1574 5125 1618 5174 pu.
1631 5107 1657 5156 d.
1676 5123 1703 5157 re.
1721 5107 1766 5158 eu.
1791 5103 1917 5177 Cerpzoe.

229 5183 293 5234 fessi
313 5183 438 5253 fuerunt,
455 5198 480 5243 et
499 5191 661 5242 eontrerinm
684 5190 758 5242 noffo
776 5187 854 5240 modo
872 5198 1044 5259 porerstpro-
1097 5197 1119 5232 θ·
1134 5182 1220 5252 &defi
1235 5183 1258 5236 f.
1274 5185 1375 5256 Quodsi
1389 5197 1475 5239 autem
1491 5185 1621 5258 pendente
1643 5190 1689 5243 fite
1708 5199 1836 5244 retractus
1854 5209 1915 5246 cum

228 5267 301 5334 bari,
323 5279 385 5324 tone
403 5272 483 5337 dicit,
501 5273 569 5343 quod
589 5271 738 5329 deberent
758 5273 1045 5344 remisstohnjmpoe.
1097 5266 1234 5320 venditore
1253 5269 1364 5323 termini
1382 5271 1472 5340 primo
1497 5273 1613 5338 emptori
1640 5272 1776 5327 constituti
1802 5285 1919 5345 prseter-

228 5369 295 5418 nae,
313 5352 362 5407 ftoo
380 5365 436 5420 eet,
455 5357 524 5426 qnod
543 5367 646 5428 emptor
665 5375 717 5412 non
736 5359 838 5412 emittet
857 5359 973 5426 pretium
1000 5377 1048 5414 neo
1097 5351 1166 5422 fepsi
1186 5361 1263 5416 sunt,
1282 5353 1314 5409 de
1333 5373 1401 5410 ooeo
1418 5357 1471 5426 ipsi
1490 5359 1646 5428 indulgendi
1666 5377 1719 5414 non
1737 5369 1799 5414 eunt
1825 5360 1914 5415 termi·

226 5437 348 5492 eonditor
366 5455 432 5492 rem.
451 5439 482 5494 Et
499 5441 540 5495 sic
558 5457 592 5494 ex
611 5451 703 5496 notura
729 5441 879 5494 odiosorum
908 5441 972 5496 fiseo
1005 5443 1046 5496 ter
1098 5435 1135 5488 ni·
1153 5435 1208 5488 Nec
1224 5436 1324 5502 obstet,
1341 5439 1410 5509 quod
1428 5440 1567 5494 retrebeoe
1586 5443 1719 5514 excipiet,
1737 5445 1772 5498 oia
1787 5444 1864 5494 tttem
1882 5445 1915 5496 si·

227 5523 279 5573 erit
298 5520 489 5592 restringenda.
507 5525 625 5590 Verum,
645 5537 674 5578 ut
700 5535 847 5586 taceamus,
873 5524 942 5595 quod
975 5527 1048 5582 nefas
1098 5519 1126 5573 bf
1146 5530 1244 5574 motem
1264 5524 1396 5588 creuisse,
1415 5543 1467 5594 quo
1485 5527 1574 5579 minus
1599 5527 1712 5597 potnerit
1736 5523 1839 5591 priores
1862 5535 1916 5580 ter·

228 5608 277 5673 eit,
296 5609 346 5732 sup
363 5609 613 5736 ”ffiepjnjqffl'r'm
631 5621 765 5685 praetextu
783 5611 900 5681 judicare
919 5609 952 5666 de
971 5615 1047 5684 prio.
1100 5606 1188 5662 minoe
1205 5607 1360 5677 obsereeee,
1378 5627 1448 5666 uunc
1465 5619 1551 5666 auum
1570 5621 1619 5658 ceu
1637 5615 1687 5658 ten
1706 5605 1763 5660 otto
1777 5611 1915 5678 peccoiem

346 5695 388 5752 'VJ‘
408 5701 427 5734 tt
470 5703 507 5736 0·
566 5723 573 5736 .
1508 5697 1539 5736 Μ
