4450 6220
374 266 433 321 diiii
842 261 1031 318 DISPll'l'l’l'.
1050 261 1122 316 xtx.
1142 258 1246 318 PART.
1266 261 1287 316 l.
1307 259 1424 318 CdPU'l'
1441 257 1491 320 Vl
1536 286 1542 302 ·
1874 255 1889 265 ‘
1907 251 1960 307 iifl

321 362 433 434 reliquis
450 375 508 433 pert
526 357 577 414 iste
594 355 730 413 seoreseit.
747 358 783 430 (e)
801 357 856 412 Neo
879 357 1035 425 generelites
1059 357 1079 408 t.
1099 357 1141 410 tn.
1194 360 1270 412 edten
1287 369 1413 428 qeeeton
1431 373 1494 410 seeo
1510 351 1544 408 ed
1562 355 1580 408 l.
1594 353 1637 408 tt.
1649 363 1677 408 et
1702 351 1751 406 tels.
1766 351 1846 421 plene
1863 348 1932 402 bend
1947 357 2016 404 seu·⁴

322 463 354 498 oo
380 446 428 500 ult.
445 464 469 498 o.
486 445 519 500 de
532 442 661 514 Jidep'uss.
678 443 805 505 obstebit,
822 445 895 512 qnesi
914 457 1026 510 sonsque
1046 441 1141 509 reliqui
1196 443 1345 506 tredieont,
1367 451 1423 492 toto
1440 438 1539 510 qnippe
1556 449 1684 504 esserem,
1706 437 1830 505 eligendo
1847 447 1872 490 et
1888 433 2014 486 sariendo

318 539 460 593 teneentnr,
481 545 562 596 nsque
581 528 643 577 dnm
663 523 787 577 creditori
807 524 939 592 integrum
959 521 1138 586 setisieetrnn,
1193 525 1234 591 jos
1252 523 1373 592 exigendi
1388 522 1468 575 solidi
1494 537 1547 574 non
1568 521 1678 590 perimi.
1698 523 1728 574 ln
1746 521 1765 571 l.
1782 529 1867 573 eote-n
1887 517 1933 569 tt.
1950 533 1973 570 s·
1990 527 2019 571 et

319 611 434 664 multem
453 612 552 681 quippe
581 619 707 677 quentnm
725 607 758 660 el
779 608 874 662 norell.
888 611 955 660 inter
981 609 1048 674 juris
1073 607 1141 660 hene
1192 607 1211 662 l.
1227 604 1563 677 dl.§·l.ffidefidrjnst.
1583 605 1623 657 nti
1644 615 1670 656 et
1688 606 1707 655 l.
1727 605 1769 656 ts.
1788 619 1810 655 ι.
1831 600 1864 654 de
1885 611 1955 665 poet.
1982 598 2020 654 ie·

319 703 344 746 et
364 692 501 745 creditoris
522 692 706 745 remissionem
727 691 860 757 interest,
884 691 952 744 illud
978 693 1026 744 snb
1050 692 1142 744 condi·
1194 706 1262 746 otum
1282 692 1333 743 tele
1352 692 1460 760 insuper
1477 688 1594 754 necetis,
1612 689 1691 744 eelnti
1716 685 1845 758 portionis
1870 684 1979 747 virilis,
2001 701 2018 738 e

320 775 393 826 tione
413 773 542 846 procedit,
560 777 581 828 ei
602 773 725 826 solvendo
745 773 837 843 reliqui
857 776 919 836 sint,
933 773 982 826 hoc
996 773 1073 824 modo
1085 789 1139 826 ore·
1192 793 1301 848 persone
1321 776 1430 826 nomine
1448 789 1493 826 sno
1509 774 1637 824 solventis
1654 771 1779 840 eoeeptio,
1794 769 1834 820 sei
1846 766 1962 818 sotionis
1975 768 2016 820 in·

319 858 419 913 ditores
444 860 541 911 eotioui
561 877 621 910 sose
641 857 809 911 renunciasse
834 858 995 922 ereduntur,
1014 857 1046 910 ed
1064 875 1141 928 quem
1193 867 1234 912 ter
1253 859 1341 928 plures
1356 855 1465 924 dieisin,
1483 855 1552 909 nete
1568 858 1610 926 jns
1628 867 1732 927 peston
1758 852 1865 906 teeitntn
1892 851 2018 906 senisse·

323 958 457 1014 regressus
476 941 545 996 bend
563 940 729 996 conceditur.
745 940 765 994 l.
784 939 865 1006 tte.
885 941 910 994 9.
925 937 967 1010 Ι
999 940 1031 994 de
1059 941 1140 995 oedil.
1198 943 1267 996 rium
1286 941 1421 1013 supponit.

996 1087 1248 1163 CAPUT
1295 1096 1339 1164 V.

575 1254 755 1348 Quomodo
775 1254 811 1320 in
820 1253 969 1346 judiciis
986 1257 1231 1329 universalibus
1250 1259 1347 1350 groti
1392 1260 1448 1326 ori
1463 1255 1559 1324 lraud
1573 1253 1785 1324 concedetur

525 1431 939 1488 constectus

324 1599 359 1669 (a)
376 1595 566 1652 Conneaeionis
576 1601 659 1654 ratio.
671 1599 714 1672 (b)
739 1601 860 1652 Testatos
877 1601 1026 1655 haeredum
1042 1598 1088 1652 oui
1099 1616 1143 1652 oe·

358 1681 391 1734 lit
399 1679 559 1752 gratificari
566 1695 661 1749 potest,
676 1685 756 1739 modo
772 1684 830 1756 rjus
849 1684 973 1736 soleamus
990 1685 1025 1734 sit
1047 1683 1146 1751 legibus

360 1759 524 1830 conformis.
538 1761 578 1833 (ol
594 1767 675 1819 Retio
689 1769 707 1820 l.
721 1768 766 1820 ult.
791 1784 814 1818 n.
842 1767 875 1820 de
889 1765 1093 1835 fideicommiss.
1108 1761 1147 1833 (d)

366 1847 414 1898 Vis
425 1847 449 1898 d.
464 1848 481 1900 l.
495 1851 542 1900 ult.
554 1847 593 1900 orl
604 1849 675 1902 elios
688 1850 845 1902 ultimarum
858 1851 1035 1902 voluntatum
1050 1847 1147 1920 speeies

360 1949 441 2002 quum
448 1929 688 1998 fideicommissum
701 1953 728 1985 se
742 1951 800 1985 nors
813 1932 943 1986 extendit.
958 1933 994 2002 (e)
1009 1936 1078 1986 Num
1091 1949 1149 2002 gro-

361 2013 463 2085 tifieori
471 2020 558 2086 possit
568 2026 678 2069 testator
694 2018 722 2070 in
745 2016 848 2069 inserto
863 2014 1001 2080 institutis,
1023 2033 1091 2082 prae
1114 2016 1147 2064 iis

360 2115 430 2170 qnos
441 2099 647 2152 indeterminato
661 2101 783 2152 institnit.
799 2099 837 2171 (t)
853 2099 954 2154 Sensus
974 2099 1067 2168 quood
1087 2098 1117 2151 in
1130 2097 1147 2149 l.

365 2185 409 2236 1³.
422 2201 445 2236 e.
458 2186 489 2237 de
502 2185 610 2236 lenered·
633 2183 696 2235 inst.
721 2181 759 2253 (e)
784 2185 909 2236 Testotor
933 2199 1037 2248 semper
1061 2184 1149 2251 mugit

361 2265 513 2338 gratificari
540 2267 656 2320 soluisse
685 2269 868 2334 praesumitur
884 2263 1148 2334 fideicommissario

364 2349 605 2422 quamfidueiurio.
624 2351 664 2421 (h)
688 2350 877 2403 Testntorssni
902 2349 1045 2402 haeredum
1072 2350 1146 2402 insti·

362 2445 482 2488 tutorum
493 2433 648 2504 gratificari
659 2451 714 2485 non
726 2443 821 2504 potest,
837 2444 866 2486 ut
885 2435 916 2484 irs
938 2453 971 2488 eo
994 2433 1039 2502 jue
1061 2452 1148 2488 onere·

365 2519 459 2570 seendi
469 2519 644 2579 determinet,
659 2528 685 2570 et
699 2517 791 2588 quood
814 2518 931 2570 atterum
952 2518 1100 2586 probibeat,
1117 2517 1151 2587 (i)

363 2602 487 2654 Incertae
502 2618 636 2670 personne
655 2603 741 2671 legato
754 2619 833 2655 nemo
848 2605 898 2658 rite
909 2605 1089 2674 gratificetur.
1109 2604 1151 2675 (ιι)

367 2687 495 2740 Testetur
506 2687 591 2742 uxori
600 2688 688 2755 legato
699 2685 912 2757 gratificaturus,
926 2691 951 2741 si
965 2691 1046 2744 almos
1058 2689 1151 2742 mortis

366 2768 503 2838 dieqeom
528 2769 680 2822 testamenti
699 2781 822 2836 tempore
849 2771 964 2836 debent,
978 2791 1041 2828 num
1059 2773 1152 2827 subsis-

366 2853 427 2906 tot?
440 2853 469 2919 (Ι)
481 2857 528 2906 An
542 2853 570 2902 in
583 2869 648 2906 eoru
659 2854 708 2924 leg.
724 2853 765 2903 tt.
780 2859 800 2916 §.
817 2855 841 2905 3.
856 2871 879 2904 s.
894 2855 927 2908 de
939 2857 1016 2920 spise.
1028 2869 1053 2910 et
1066 2856 1154 2909 elerio.

368 2937 461 2990 imeres
466 2936 624 3007 gratificari
631 2937 735 3000 possit?
748 2939 796 3007 (ns)
810 2942 919 3007 quondo
933 2953 1045 2996 testator
1054 2953 1155 2998 sertem

365 3035 499 3073 summam
509 3021 657 3089 praeleget,
678 3031 707 3072 ut
733 3023 860 3093 proximi
880 3026 978 3092 agneti
1002 3043 1098 3082 usuros
1123 3029 1151 3082 in

365 3121 508 3174 pauperes,
522 3120 590 3174 qrsor
612 3105 666 3173 ipse
679 3104 804 3175 elegerit,
825 3107 985 3174 distribuet,
1012 3128 1076 3164 rium
1103 3109 1157 3164 eidi

370 3187 412 3238 oei
422 3187 478 3240 suis
490 3205 522 3240 eo
532 3186 688 3258 gratificari
706 3192 817 3254 possit?
835 3189 880 3260 (ιι)
899 3190 930 3242 Si
948 3193 1084 3260 stipendia
1102 3207 1155 3249 etu·

366 3269 449 3322 diesis
459 3273 633 3334 protestantis
650 3272 793 3342 religionis
811 3286 927 3330 testator
939 3277 1155 3344 legisperitorum

368 3353 487 3407 eollotor
497 3353 591 3407 iisdem
604 3372 669 3410 sune
687 3357 827 3429 religionis
839 3375 869 3410 ss.
880 3378 906 3429 p.
916 3359 1075 3430 pontificiae
1091 3379 1154 3430 gro·

367 3435 525 3503 tistsnbitur.
536 3437 574 3512 (o)
596 3429 712 3504 Quando
723 3442 861 3508 portiones
874 3442 956 3512 legati
967 3444 1079 3496 arbitrio
1091 3442 1158 3497 boni

369 3519 429 3598 eriri
439 3520 485 3570 les.-
503 3519 723 3574 determinondos
742 3524 861 3592 reliquie,
881 3525 1048 3595 gratificatio
1066 3527 1155 3579 locum

370 3618 427 3653 non
440 3602 529 3654 dubet.
544 3604 584 3672 (p)
606 3606 751 3670 Quousque
773 3607 868 3658 lsaeres
882 3624 917 3659 ere
930 3605 1056 3676 istmff.
1069 3607 1103 3662 de
1114 3627 1153 3662 re·

370 3685 417 3754 ttg.
429 3697 456 3739 et
465 3696 564 3757 sumpt.
580 3687 649 3756 sun.
660 3688 813 3758 gratificari
826 3689 936 3760 possit?

337 3849 362 3924 5.
381 3856 407 3904 t.
427 3784 554 3907 Quibus
572 3852 703 3920 singulari
719 3850 823 3920 judicio
837 3852 980 3922 gretifieeri
997 3855 1035 3912 ies
1048 3860 1158 3924 nonsit,

1197 1446 1329 1504 temquene
1348 1432 1468 1486 ultimene
1488 1433 1646 1486 soluntetern
1664 1426 1781 1495 quinque
1800 1435 1879 1481 testes
1893 1423 1925 1478 ed
1940 1424 2019 1480 mini·

1197 1538 1267 1573 mnne
1286 1518 1465 1573 desiderentur
1482 1516 1501 1568 l.
1513 1516 1560 1568 ult.
1579 1514 1601 1578 §.
1613 1511 1663 1566 ult·
1674 1527 1696 1563 o.
1709 1513 1743 1562 de
1754 1509 1892 1564 codieillis.
1908 1512 1946 1578 (e.
1961 1508 2016 1562 Nee

1195 1604 1285 1658 obesse
1303 1617 1366 1672 puto
1384 1602 1402 1652 t.
1421 1600 1468 1652 ult.
1479 1615 1503 1650 o.
1514 1595 1758 1665 defideieommirs.
1777 1592 1850 1662 qussi
1869 1592 1967 1659 eliquit
1981 1603 2018 1646 ts·

1196 1699 1274 1743 stetot·
1292 1688 1340 1740 soli
1359 1684 1423 1738 fidet
1442 1682 1561 1738 heeredis
1578 1677 1814 1732 fideicommissum
1833 1678 1943 1730 eredere
1963 1689 2020 1744 pns-

1197 1775 1247 1836 sit,
1266 1789 1314 1826 nee
1331 1770 1484 1824 solemnius
1507 1777 1553 1820 ent
1581 1774 1660 1819 testes
1684 1763 1750 1813 elios
1776 1761 1810 1812 ed
1839 1760 2019 1826 probitionem

1198 1856 1359 1919 desiderari,
1378 1854 1423 1905 sed
1442 1853 1465 1906 ei
1485 1853 1575 1904 beeree
1595 1856 1687 1916 neget,
1706 1849 1881 1914 jurementum
1901 1842 2019 1901 deletum

1197 1941 1277 1994 dubio
1296 1939 1375 1992 linem
1396 1938 1509 2002 isseret,
1529 1937 1589 1990 telle
1608 1954 1622 1986 e
1641 1942 1765 1988 testetore
1775 1929 1904 2000 disposite
1918 1947 1970 1982 non
1983 1945 2022 1982 ese

1198 2042 1234 2078 se.
1246 2026 1389 2092 ‘Peeniiere
1403 2025 1474 2077 euim
1494 2021 1599 2090 penitus
1617 2017 1716 2070 ibidem
1736 2015 1856 2076 bebetnr,
1877 2028 1924 2081 per
1943 2012 2021 2064 serbe

1197 2125 1317 2180 expresse
1336 2109 1363 2160 d.
1375 2109 1393 2160 l.
1407 2108 1454 2162 ult.
1473 2103 1541 2174 quod
1555 2103 1660 2170 origine
1673 2098 1879 2152 ddeioommisse
1893 2096 1941 2148 soli
1954 2091 2023 2150 utet

1198 2203 1226 2246 et
1245 2191 1337 2262 pudori
1350 2190 1470 2246 heeredis
1482 2189 1571 2242 retieu
1588 2193 1610 2251 ς.
1629 2185 1683 2257 l.1’
1694 2181 1900 2252 defideieontstr.
1913 2178 2021 2232 lrrteretl.

1198 2284 1225 2327 et
1235 2273 1304 2341 quod
1322 2275 1387 2326 setis
1406 2271 1500 2325 dorum
1519 2280 1599 2332 esset,
1617 2269 1641 2321 ei
1656 2264 1876 2332 retentationem
1891 2257 2021 2316 besselioie

1200 2358 1340 2412 soluntetis
1356 2357 1460 2408 luorum
1479 2355 1605 2414 sentiret,
1625 2351 1770 2418 edireplere
1792 2359 1880 2402 temen
1900 2347 2023 2400 eemdeee

1200 2451 1337 2502 seeunret,
1356 2442 1411 2495 isoo
1429 2440 1451 2492 si
1473 2447 1583 2494 testetor
1601 2438 1668 2491 heus
1685 2439 1754 2488 siem
1769 2435 1826 2487 eine
1840 2442 1906 2486 teste
1917 2445 1941 2486 et
1954 2435 2024 2486 sori·

1200 2537 1274 2596 pture
1292 2525 1427 2593 elegisset,
1448 2522 1505 2576 siue
1523 2522 1571 2576 beo
1589 2519 1757 2590 imperetoris
1776 2517 1911 2570 montione
1929 2514 2025 2570 delon·

1201 2611 1237 2661 eti
1257 2612 1377 2666 eelontes
1395 2609 1528 2662 interiret.
1546 2607 1587 2676 (d)
1605 2603 1683 2677 Quod
1697 2614 1784 2655 tenen
1798 2599 1830 2654 ed
1842 2601 1908 2653 elies
1920 2601 2024 2654 ultime·

1203 2710 1260 2746 rum
1274 2695 1434 2749 soluntetnm
1448 2691 1549 2761 speeies
1563 2689 1676 2744 minime
1689 2686 1814 2756 pertinet,
1828 2683 1982 2754 nequidem
1996 2684 2026 2738 in

1205 2777 1295 2844 legetis
1313 2773 1376 2830 fidei
1396 2773 1545 2829 eommieeis
1564 2774 1627 2826 linet
1652 2770 1817 2839 edeeqnetis,
1837 2769 1882 2823 nbi
1902 2770 2025 2838 regulet.

1204 2865 1252 2914 ult.
1264 2867 1287 2922 ς.
1299 2861 1348 2914 ult.
1359 2877 1382 2914 e·
1395 2860 1428 2913 de
1438 2856 1551 2912 eodieill.
1570 2855 1656 2908 edhno
1681 2863 1769 2913 tenet,
1782 2854 1820 2906 uti
1846 2863 1914 2906 reete
1934 2863 2025 2907 mouet

1203 2945 1362 2998 Frentekins
1380 2943 1418 2998 nd
1431 2951 1453 3006 ς.
1467 2944 1512 2998 uit.
1523 2942 1544 3010 1¹.
1557 2936 1802 3010 defideieommiss.
1827 2935 1934 2991 lenered.
1951 2939 2022 2992 We·

1204 3032 1340 3083 senbeeius
1359 3028 1464 3097 quidem
1484 3041 1541 3079 enm
1561 3023 1622 3078 eliis
1639 3021 1671 3074 ed
1688 3019 1716 3074 d.
1729 3027 1750 3082 ς.
1764 3021 1813 3074 ult.
1825 3020 2027 3072 instit-eonsti-

1207 3111 1301 3164 tntioni
1323 3113 1375 3162 eim
1389 3109 1488 3164 inlerre
1507 3109 1615 3170 solunt,
1630 3106 1702 3174 qnesi
1718 3105 1794 3156 serbe
1806 3100 1833 3154 d.
1846 3103 1864 3154 l.
1878 3103 1922 3158 ult.
1934 3104 1960 3156 ri
1968 3103 2028 3156 rire

1205 3193 1337 3259 scripturo
1350 3192 1383 3244 de
1400 3189 1608 3242 fideicommissn
1620 3184 1792 3254 relinquendo
1809 3186 1958 3253 loquentur,
1972 3203 2027 3242 nnn

1204 3275 1358 3337 eonstituto,
1376 3284 1418 3326 est
1435 3282 1572 3326 contestes
1591 3269 1649 3339 ipse
1666 3270 1720 3322 seri
1739 3265 1821 3320 fidem
1841 3267 1927 3321 hebet.

1240 3364 1262 3419 §.
1281 3358 1306 3408 t.
1326 3359 1425 3410 Verum
1442 3373 1500 3410 oum
1522 3358 1588 3408 nene
1614 3368 1647 3404 ex
1672 3369 1737 3406 nore
1763 3352 1813 3402 iste
1837 3351 2025 3408 constitutione

1204 3439 1349 3492 lustinieni
1370 3440 1436 3492 siem
1456 3437 1536 3504 elegit
1554 3444 1684 3498 testetur,
1712 3433 1858 3503 pertesum
1884 3437 1967 3506 ipsios
1987 3455 2031 3490 ro·

1206 3527 1332 3578 luntenm
1352 3540 1410 3576 esse
1425 3530 1550 3590 oportet,
1570 3537 1643 3574 senne
1661 3521 1684 3572 si
1703 3518 1736 3569 de
1762 3537 1791 3572 ee
1821 3519 1888 3571 baud
1914 3529 2028 3584 constet,

1206 3609 1246 3662 sel
1264 3618 1338 3676 rupte
1355 3615 1400 3660 ent
1418 3606 1508 3658 minos
1526 3604 1605 3672 pileos
1621 3612 1764 3672 eppereet,
1793 3602 1908 3654 minime
1925 3619 2030 3671 qstoqne

1207 3691 1360 3744 subsisteret
1378 3687 1619 3742 lideioomnrissnnr.
1638 3685 1719 3752 peri.
1733 3685 1775 3737 tt.
1789 3683 1913 3751 etti-ff.
1926 3685 1973 3752 qui
1991 3697 2029 3739 te·

1206 3774 1353 3843 stumfiee.
1364 3789 1431 3838 poss.
1455 3772 1487 3822 Et
1507 3771 1626 3838 quumvis
1645 3787 1678 3822 ex
1698 3779 1852 3822 testemento
1872 3781 1963 3836 eoepto
1983 3788 2031 3824 nee

1208 3859 1317 3926 impleto
1334 3858 1388 3909 imo
1405 3855 1479 3910 omui
1499 3857 1585 3922 legum
1605 3853 1774 3906 solemnitate
1799 3851 1926 3924 destituto
1949 3871 2032 3920 qnsn·

335 3951 384 4067 ppo
403 3937 519 3990 instituti
539 3937 641 3988 retione
660 3937 877 4006 preeeedentibsrs
896 3940 1107 4008 oepitibnssetis;
1122 3943 1159 4014 (o)
1207 3942 1293 4010 doque
1312 3942 1428 3994 solentes
1447 3949 1574 4000 serretur,
1591 3953 1642 4006 per
1662 3937 1681 3986 l·
1705 3935 1754 3988 ult.
1778 3951 1803 3988 s·
1819 3934 1896 4003 sem.
1921 3935 2033 3990 domis.

364 4033 413 4069 uno
431 4019 463 4070 de
482 4019 525 4083 iis,
545 4022 639 4089 qtr'thos
654 4020 794 4071 universeli
810 4019 908 4088 judicio
921 4020 1077 4088 gratificatio
1091 4025 1158 4078 hond
1208 4023 1279 4078 eliud
1298 4037 1383 4076 tesnen
1401 4025 1478 4090 longe
1500 4029 1688 4072 testementnm
1709 4017 1778 4068 hesed
1796 4016 1987 4084 edimpletum,
2004 4029 2034 4073 ee

336 4103 499 4166 conceditur,
514 4106 670 4172 subjungere
689 4102 805 4156 methodi
827 4105 892 4158 retio
905 4107 997 4176 exigit.
1018 4109 1160 4177 Preeeipne
1209 4106 1279 4160 eliud
1291 4106 1410 4160 solentes
1430 4101 1598 4172 tumnptets.
1617 4119 1666 4171 (1¹¹¹
1684 4102 1803 4154 '⁰¹⁰⁰'ss
1822 4101 1850 4151 3¹¹
1869 4104 1920 4152 *3¹⁰
1941 4101 2033 4170 ‘ibim'

338 4200 398 4240 tero
416 4185 461 4238 hio
479 4188 620 4239 heerednm
641 4199 667 4240 et
686 4188 818 4240 testatoris
836 4189 892 4256 jure
912 4203 1068 4259 spectentur·
1088 4193 1161 4246 Prin-
1210 4191 1316 4245 sitionis
1335 4191 1405 4242 inter
1424 4187 1522 4240 llberos
1542 4187 1648 4238 selitnre
1668 4187 1746 4237 irrite
1760 4183 1888 4237 resistitur.
1902 4201 1959 4254 urg.
1973 4182 2000 4236 tl
2012 4186 2030 4237 l.

335 4267 411 4320 ribos
428 4286 487 4322 sero
508 4271 537 4322 in
563 4288 593 4323 re
612 4270 785 4324 haerediteris
805 4291 818 4324 e
842 4283 965 4326 testatore
990 4275 1159 4330 determinete
1210 4272 1295 4342 ults.
1308 4273 1332 4324 lt·
1352 4281 1378 4324 et
1397 4271 1481 4339 result
1500 4269 1520 4318 l·
1533 4265 1625 4336 ²9-ff·
1638 4270 1685 4338 put
1698 4265 1870 4335 “lilim-sn·
1889 4287 1959 4334 tw·
1978 4287 2032 4322 Μ

338 4352 453 4406 rniuirne
472 4353 555 4406 lerori
580 4354 716 4422 indulgere
743 4356 925 4428 permittitur,
957 4357 1010 4412 nisi
1034 4361 1161 4413 teststoris
1211 4359 1299 4414 minus
1318 4357 1345 4408 in
1364 4373 1394 4409 ee
1410 4372 1488 4424 quem
1509 4353 1538 4408 ln
1558 4353 1608 4406 elie
1625 4355 1715 4422 queris
1726 4353 1816 4406 ultiniis
1830 4355 1959 4408 sotootete
1973 4351 2033 4408 iun·

336 4437 377 4490 eel
395 4451 517 4505 expresse
538 4437 575 4489 sel
594 4451 759 4508 praesumpte
788 4441 905 4510 eoluntes
931 4439 1023 4494 iecerit
1047 4444 1159 4512 eopiern.
1211 4444 1297 4497 detor.
1316 4441 1374 4496 leno
1393 4441 1464 4494 inter
1485 4442 1553 4492 solos
1572 4437 1669 4490 liberos
1688 4435 1815 4502 eiusmodi
1844 4437 1927 4504 petris
1945 4437 2033 4507 diepo-

337 4517 1161 4596 Neotestetoronipiemgretiflnebitnrlibere‚qnnmordine·
1212 4528 1274 4582 sitio
1298 4534 1385 4588 tenet,
1409 4534 1536 4578 extreneo
1565 4521 1626 4573 inde
1645 4536 1692 4574 nes
1711 4523 1749 4587 ius
1769 4538 1816 4574 nen
1835 4520 1932 4588 initeris
1957 4537 2033 4590 expe·

339 4606 427 4656 tiones
447 4605 595 4656 ultimarum
616 4608 777 4658 voluntatum
797 4615 904 4674 spectes
915 4642 922 4670 ,
947 4608 998 4660 nisi
1021 4608 1074 4676 legi
1098 4626 1160 4663 eon·
1211 4611 1315 4675 stende,
1334 4625 1384 4677 per
1395 4607 1465 4662 verb·
1469 4605 1526 4675 fin.
1541 4605 1567 4658 d.
1578 4606 1596 4656 l.
1610 4603 1657 4658 ult.
1666 4605 1744 4674 forn.
1764 4606 1855 4656 terete.
1876 4605 1929 4658 Nee
1943 4615 2029 4660 temen

340 4688 454 4742 formem
480 4689 625 4740 reddiderit
651 4689 817 4744 veliternen.
842 4687 891 4740 Cui
910 4690 1070 4758 prisetornm
1089 4694 1160 4746 enim
1210 4696 1244 4751 eb
1261 4693 1335 4748 omni
1355 4693 1422 4761 juris
1440 4690 1606 4746 observentie
1625 4700 1727 4758 petrem
1742 4689 1768 4740 in
1782 4691 1878 4744 liberos
1897 4687 1969 4742 leros·
1982 4703 2033 4746 ts*

341 4777 382 4844 jos
395 4777 523 4828 consessit
543 4773 691 4844 disponere,
710 4783 737 4826 nt
751 4774 820 4842 leges
833 4773 860 4824 in
874 4775 1017 4828 soluntetis
1038 4792 1099 4830 enee
1117 4778 1161 4832 de·
1213 4785 1271 4852 pins
1289 4778 1410 4832 deute
1428 4777 1536 4839 liberet,
1555 4775 1600 4828 sed
1619 4785 1648 4828 ιιι
1666 4774 1743 4828 serbe
1762 4784 1863 4836 suerent,
1883 4759 2033 4827 solemniter

340 4860 646 4928 ριῃῃιῑοῃηεμωιμι
667 4874 776 4926 quorum
798 4857 908 4910 interest
933 4877 990 4913 estu
1010 4855 1161 4932 impignere
1213 4866 1284 4918 tibus
1309 4861 1411 4916 ultimis
1445 4859 1617 4914 soluntetibns
1642 4858 1707 4910 eiies
1739 4857 1837 4910 debitis
1863 4858 1966 4910 eximit.
1998 4857 2031 4910 tte

342 4947 431 5000 velint.
446 4946 517 4997 Hine
530 4955 558 4996 nt
571 4944 602 4997 ed
618 4941 719 5012 priores
738 4942 858 5006 redeern,
874 4944 998 4998 haeredes
1010 4955 1064 4998 ιιιιιι
1077 4947 1159 5016 greti·
1216 4947 1278 5001 inde
1295 4947 1356 5000 lieet
1368 4955 1442 5016 peter
1453 4944 1655 4998 utriliberorntn
1670 4959 1732 5012 pree
1759 4943 1869 5011 reliquie
1887 4940 2032 5009 pestifieeri

344 5024 419 5080 liceri
436 5045 488 5080 non
501 5044 577 5096 posse
594 5025 705 5088 esserni,
724 5041 784 5078 enm
805 5037 912 5081 testetur
938 5032 1091 5084 voluntetem
1119 5033 1163 5084 de·
1213 5031 1302 5094 eeleet,
1321 5031 1348 5083 in
1367 5029 1486 5098 legitime
1506 5037 1591 5097 temen
1610 5028 1683 5081 sotto
1701 5027 1778 5080 modo
1797 5045 1858 5095 pree
1872 5027 2033 5095 retinuisset

344 5110 546 5174 terminererit,
564 5118 591 5160 nt
614 5127 662 5181 pro
682 5111 760 5162 inodo
778 5111 818 5164 sel
835 5114 990 5177 eonditione
1013 5118 1095 5184 posite
1113 5116 1164 5168 eli·
1213 5114 1324 5186 greeeri,
1339 5116 1377 5169 sel
1397 5113 1464 5166 leedi
1485 5113 1554 5182 leges
1573 5111 1740 5178 permittunt,
1757 5127 1807 5174 per
1818 5110 1836 5161 l.
1849 5110 1893 5162 tt.
1908 5119 1934 5164 et
1947 5111 1990 5162 30.
2007 5128 2029 5162 s.

343 5197 403 5246 enbi
419 5191 586 5264 impendent.
600 5192 638 5245 Eo
651 5204 761 5266 excepto
779 5194 940 5250 hoereslitete
965 5197 1047 5250 libere
1060 5198 1164 5266 relicte,
1214 5201 1247 5256 de
1259 5200 1339 5269 inoffi
1350 5209 1458 5254 testem.
1472 5193 1622 5265 nequidem
1636 5211 1694 5246 eom
1710 5203 1785 5262 pecto
1796 5195 1948 5256 libetofssms
1959 5195 2032 5263 ιιιιιῑῑ

303 5285 306 5291 “
345 5281 406 5348 quis
425 5277 544 5331 hoeredis
564 5273 679 5329 dominii
692 5279 751 5345 jure
768 5277 800 5330 de
817 5278 908 5332 eedesn
926 5281 1076 5350 disponere,
1088 5294 1115 5335 et
1129 5285 1165 5337 ite
1216 5287 1311 5338 minori
1330 5285 1452 5355 portione
1469 5281 1597 5333 soluerint
1617 5295 1673 5330 esse
1687 5279 1813 5340 contenti,
1830 5279 1849 5330 l.
1863 5279 1906 5330 et.
1926 5296 1950 5332 e.
1973 5279 2031 5332 eed-

345 5381 450 5436 qnoqne
467 5357 609 5431 gratificari
627 5361 786 5431 denegaret?
806 5363 842 5430 (b)
856 5364 935 5416 modo
947 5361 1064 5416 detuuest
1078 5367 1165 5420 solun·
1215 5364 1569 5438 rellegeudonsnmiruetnm
1581 5361 1699 5415 omnium
1715 5363 1852 5414 bonorum.
1866 5360 1988 5430 Cerpeos.
2002 5378 2034 5415 ex

349 5460 407 5512 tes,
427 5451 459 5502 de
476 5466 527 5517 qno
546 5459 639 5512 entes,
658 5447 722 5518 lepis
740 5448 909 5517 dispositioni
928 5451 1098 5519 respondent,
1117 5470 1167 5522 qne
1214 5451 1451 5516 Felsrofflollero,
1469 5447 1560 5500 Geilio
1576 5463 1604 5511 p.
1629 5445 1655 5496 ³.
1680 5454 1763 5498 sonet.
1785 5445 1828 5499 tn
1843 5444 1899 5516 defi
1917 5449 1944 5498 7.
1963 5458 1989 5500 et
2007 5448 2034 5499 8·

345 5538 404 5591 sine
427 5552 474 5600 nee
499 5534 556 5605 ipse
575 5533 718 5598 subsistet,
738 5534 893 5603 nequidem
912 5534 941 5586 in
959 5536 1012 5591 eim
1033 5533 1168 5606 lideieosn·
1216 5535 1269 5588 Ant
1295 5533 1407 5586 terendo
1432 5532 1459 5584 in
1479 5528 1596 5582 ireudern
1622 5525 1755 5597 legitime
1773 5529 1840 5584 boue
1859 5531 2035 5602 eompntsnde

347 5621 433 5688 missi,
452 5636 499 5692 per
511 5618 530 5673 i.
544 5615 719 5690 inertibff.
732 5616 973 5694 defideictmmiss.
987 5637 1031 5679 ssu
1042 5621 1075 5694 etl
1085 5639 1167 5695 ,qoem
1224 5621 1349 5693 Csrpwt·
1367 5618 1394 5674 d.
1411 5613 1502 5694 inde-l:
1522 5615 1547 5666 9·
1612 5686 1615 5694 ,
