4460 6208
259 287 314 344 489
679 280 728 334 DE
747 282 1027 339 erecturtrtottss
1044 283 1090 338 ΕΤ
1108 281 1344 350 resolutorii,
1363 300 1425 340 erc.
1785 282 1842 336 iiio,

207 387 253 442 ttta
269 403 332 440 vero
351 401 401 454 qua
419 375 584 452 implementi
602 376 714 449 qusiitns
732 393 764 429 es
784 375 956 430 conventione
975 395 1025 430 me·
1078 377 1177 441 sciens,
1196 377 1251 431 sive
1270 377 1393 444 ignor-ens
1411 375 1528 442 trudens,
1540 373 1678 430 contrabit.
1698 377 1717 430 l.
1735 377 1759 427 1.
1778 391 1798 446 ς.
1817 372 1888 443 ²·ff·

208 469 288 531 titur,
307 467 341 518 sit
363 466 448 532 potior
467 475 566 530 ustura·
1078 459 1109 511 de
1122 478 1174 512 rer.
1184 469 1327 530 permutat.
1344 463 1369 510 in
1381 461 1514 530 emptione
1529 477 1588 513 seru
1605 479 1634 511 sc
1646 461 1891 532 rerutitione,qnud

239 548 264 620 5.
284 550 309 604 li.
328 547 503 616 Prsesoriptis
529 543 615 598 serbis
640 542 769 596 actionem
794 556 828 592 ex
854 539 891 592 rei
919 539 1026 592 slterins
1076 543 1193 597 venditor
1210 561 1261 595 non
1281 545 1348 596 nitra
1372 564 1449 613 quam
1475 545 1631 618 simpliciter
1657 543 1741 598 iacere
1759 562 1815 598 rem
1835 562 1890 598 ern·

207 632 313 688 datione
329 633 452 698 oriri,et
471 627 680 700 quomodo‚jam
696 641 773 694 suprs
785 621 1027 691 expositum.'nuu
1077 629 1145 694 ptori
1167 627 1262 678 haltere
1290 629 1368 678 licere
1393 637 1524 688 terreatur,
1543 627 1561 677 i.
1589 627 1631 676 25.
1654 627 1677 692 ς.
1702 630 1725 678 i.
1748 628 1778 678 de
1801 636 1891 679 contr.

210 715 267 784 ipsa
285 725 378 770 ustum
407 713 491 784 ipsius
515 711 627 765 aetionis
649 709 805 780 exponendo
830 708 919 775 paneis
939 715 1026 757 restat.
1077 725 1156 780 empt.
1177 722 1202 765 et
1221 711 1258 764 rei
1279 712 1379 763 alienae
1399 711 1517 764 venditio
1534 711 1666 764 subsistat.
1685 727 1742 779 urg.
1760 711 1777 762 i.
1792 713 1815 762 t.
1830 718 1851 771 ς.
1865 710 1892 763 2.

209 799 382 870 Praemrtprts
407 798 496 852 verbis
521 813 582 850 vero
606 793 684 852 ideo.
701 790 771 863 quud
791 791 825 843 iis
852 807 906 842 rem
926 803 1024 859 gestam
1067 793 1168 865 ffipro
1181 796 1248 848 dote.
1269 797 1336 847 retio
1355 795 1459 864 penitus
1479 794 1619 863 singularis
1637 806 1690 858 est,
1710 795 1803 864 partim
1822 793 1892 863 quod

207 884 384 947 demonstret,
404 893 431 936 et
456 899 485 935 ea
505 877 723 935 demonstratione
748 875 804 930 rice
830 875 947 926 nominis
967 873 1026 927 iun·
1076 879 1188 946 emptori
1208 873 1339 940 sufficiat,
1359 879 1381 930 si
1400 895 1428 930 re
1448 876 1499 930 irui
1522 881 1623 947 possit,
1641 879 1709 948 quod
1734 895 1785 930 oon
1805 877 1840 930 ita
1861 877 1891 930 in

209 979 300 1035 gutur,
318 977 497 1036 nuncupatur,
517 981 576 1032 urg.
590 957 727 1014 1.d.e.de
744 967 877 1014 trunsnet.
897 959 926 1010 lu
946 972 1024 1011 reete·
1077 963 1188 1014 caeteris
1212 962 1402 1024 contractibus,
1422 963 1466 1014 nbi
1498 963 1645 1016 dominium
1669 961 1890 1016 transferendum.

208 1051 246 1105 ris
264 1050 334 1103 euim
354 1047 529 1102 contractibus
546 1045 716 1114 concludendi
744 1042 859 1096 medium
884 1061 897 1094 s
919 1042 1025 1094 nornine
1074 1061 1133 1114 ‹ss-g.
1146 1045 1218 1097 titt
1224 1044 1266 1113 ff.
1279 1047 1311 1097 de
1324 1062 1352 1097 v.
1371 1065 1397 1096 o.
1416 1045 1512 1116 partim
1532 1047 1601 1116 quod
1620 1047 1732 1115 empturi
1751 1049 1814 1099 satis
1834 1064 1892 1116 pro·

209 1134 260 1202 peti
286 1135 368 1198 solet,
388 1131 469 1187 velnti
496 1132 556 1200 quie
579 1138 669 1181 mutuo
695 1125 773 1188 dedi,
794 1125 836 1176 hie
862 1125 890 1176 in
910 1128 1025 1177 nominis
1074 1140 1192 1198 spectum
1213 1134 1248 1182 sit
1266 1129 1420 1181 deuotione
1440 1131 1467 1180 iu
1486 1146 1572 1182 ossum
1592 1130 1744 1194 evictionis,
1763 1129 1795 1181 sd
1814 1147 1892 1198 quem

210 1217 276 1272 certi
294 1216 424 1271 deiectum
444 1215 477 1268 ab
496 1215 553 1284 ipss
579 1211 678 1282 negotii
704 1211 831 1281 qualitate
851 1211 914 1282 gesti
935 1221 1023 1280 peteo·
1075 1227 1107 1263 es
1126 1227 1215 1265 nature
1235 1223 1383 1266 contractus
1400 1215 1518 1267 uenditor
1537 1223 1646 1268 tenerur.
1665 1214 1683 1267 l.
1702 1215 1748 1266 co.
1766 1213 1894 1283 etidff.

209 1301 273 1352 dum
292 1301 370 1354 veuit.
389 1300 464 1351 Unde
483 1315 536 1350 non
556 1295 722 1368 incommode
748 1295 796 1346 lsoo
816 1294 892 1345 modo
911 1293 1022 1346 describi
1076 1295 1109 1348 de
1120 1295 1243 1349 euiets'on.
1258 1297 1276 1347 1.
1295 1295 1339 1351 tt.
1358 1298 1379 1363 §.
1394 1296 1419 1363 s.
1422 1291 1466 1367 ff.
1482 1300 1516 1352 de
1528 1298 1628 1352 oetion.
1641 1308 1717 1364 empt-
1736 1299 1811 1368 Quae
1827 1299 1892 1352 eden

208 1382 339 1436 dixerim:
356 1381 428 1453 quud
452 1396 484 1434 er
513 1379 690 1433 contractibus
720 1377 896 1430 innominatis
925 1375 1026 1426 directo
1074 1394 1191 1431 securum
1218 1391 1330 1449 praestat
1354 1395 1517 1452 emptorem,
1542 1392 1570 1433 nt
1597 1382 1660 1434 iicet
1687 1399 1743 1434 rem
1777 1383 1891 1436 alienum

208 1465 350 1520 descendat
367 1467 399 1519 sd
418 1474 578 1520 contractum
604 1478 639 1516 ex
662 1458 715 1514 lide
741 1459 832 1532 placiti
851 1456 1025 1528 implendum.
1076 1464 1208 1516 redditam
1230 1465 1257 1515 in
1276 1479 1411 1536 comperto
1428 1462 1489 1530 stet,
1508 1467 1530 1518 sl
1552 1465 1666 1516 nondum
1685 1464 1783 1516 evictio
1802 1464 1891 1516 immi.

209 1549 342 1602 Direetsm
367 1566 425 1603 esse
445 1551 573 1603 actionem
601 1545 716 1611 asserui,
739 1545 800 1616 qnia
830 1560 863 1596 ex
893 1543 946 1612 ipss
971 1543 1026 1611 tege
1077 1549 1436 1612 nest,velaetioeonnmine
1449 1550 1642 1602 intentatorum
1655 1543 1892 1614 revenditapotsri

211 1643 359 1687 contractus
378 1635 528 1696 deseendit,
539 1642 565 1685 et
576 1630 800 1683 demonstratione
812 1625 909 1694 negotii
928 1637 1024 1678 certum
1075 1629 1208 1685 desideret
1226 1633 1356 1702 pretium,
1375 1635 1508 1686 exsolvere
1524 1631 1656 1700 obligatus
1674 1630 1717 1680 sit.
1735 1626 1762 1680 d.
1781 1629 1799 1680 l.
1813 1629 1856 1679 43.
1869 1635 1894 1689 ς.

208 1715 339 1768 sotionem
359 1725 454 1769 eventu
472 1711 565 1767 elficit.
582 1713 624 1766 cui
645 1712 740 1780 tro.
760 1712 794 1764 de
812 1719 935 1764 transeut.
954 1711 1025 1760 verb.
1078 1716 1103 1765 3.
1116 1711 1158 1780 ff.
1186 1714 1218 1767 de
1245 1732 1269 1768 u.
1293 1733 1317 1768 e.
1340 1717 1416 1784 Quod
1438 1715 1472 1766 its
1495 1725 1580 1767 tamen
1598 1713 1762 1782 receperim,
1781 1711 1833 1764 nisi
1851 1711 1892 1763 rel

209 1793 283 1850 utilis
294 1797 381 1860 ectio,
394 1815 462 1867 pune
470 1791 644 1862 praescriptis
652 1793 737 1846 cerdis
747 1801 793 1843 etc.
807 1807 858 1844 non
873 1789 1025 1856 refragetur.
1076 1796 1197 1849 venditor
1215 1799 1332 1850 maxime
1350 1800 1384 1850 de
1400 1797 1569 1866 adimplendo
1586 1807 1718 1867 suspectus
1736 1795 1788 1862 ait,
1807 1797 1846 1848 rel
1864 1813 1892 1846 e·

215 1881 298 1934 Utilis
316 1885 386 1935 enirn
407 1883 445 1933 ibi
466 1899 518 1936 nou
542 1879 684 1950 opponitur
706 1878 840 1939 direona,
856 1873 900 1926 sed
926 1890 975 1942 qur
993 1870 1025 1924 ad
1076 1883 1154 1934 rietio
1172 1885 1223 1950 jem
1244 1884 1271 1935 iu
1289 1883 1385 1934 limine
1403 1893 1538 1952 sppareat,
1557 1893 1582 1936 nt
1600 1879 1627 1932 iu
1646 1897 1706 1931 casu
1726 1878 1743 1930 l·
1761 1879 1806 1931 ii.
1824 1897 1845 1932 o.
1859 1879 1893 1932 de

207 1963 335 2032 agendum
353 1965 442 2029 utilis,
457 1965 482 2014 b.
501 1981 524 2016 e.
543 1964 660 2015 marimo
679 1959 827 2022 commode3
846 1957 885 2008 nti
903 1954 957 2008 iere
971 1956 1024 2006 Gn·

210 2046 334 2100 doiredus
354 2048 391 2102 ed
402 2047 640 2119 ruir.prnesers'pt.
652 2045 728 2098 verb.
739 2044 830 2096 eodem
852 2041 927 2093 modu
945 2037 1026 2110 espli-

210 2133 286 2186 eavit.
305 2132 377 2201 Quid
398 2151 444 2203 per
461 2131 543 2186 iidem
563 2133 649 2203 pleniti
675 2131 770 2190 eelim,
789 2144 821 2181 ex
845 2126 1023 2198 praecolenti-

207 2215 256 2268 bns
274 2217 354 2286 liquet
373 2216 491 2280 sbnode,
509 2217 541 2269 ad
567 2215 731 2287 implentium
761 2221 923 2265 contractum
949 2225 1024 2272 sero,

207 2298 275 2372 quod
295 2317 326 2354 eu
359 2301 474 2352 maxime
492 2299 591 2362 tendet,
611 2316 659 2370 per
676 2298 695 2351 1.
713 2299 738 2350 9.
755 2308 780 2348 es
791 2296 808 2348 i.
816 2293 887 2365 Μ
904 2294 1026 2364 depree-

208 2399 259 2437 ser.
274 2385 342 2438 md.
354 2382 421 2436 Num
440 2383 509 2452 quud
529 2379 608 2437 etism
627 2385 661 2436 ad
683 2384 811 2435 interesse
828 2389 974 2448 competat,
992 2393 1023 2430 es

208 2473 299 2520 nutura
318 2473 466 2519 contractus
492 2465 652 2518 innominati
671 2474 730 2529 est,
748 2481 812 2533 quse
837 2463 920 2516 bonae
944 2459 1022 2527 fidei,

206 2566 255 2618 per
273 2557 294 2611 ς.
312 2551 394 2603 instit.
408 2551 442 2603 de
467 2550 567 2603 action.
590 2549 666 2621 Quod
689 2550 785 2603 exinde
810 2548 945 2619 Probatum
972 2547 1023 2611 dn,

207 2635 331 2700 quonism
353 2634 381 2686 in
401 2635 436 2686 iis
453 2635 576 2704 utrinqne
594 2635 692 2704 aliquid
712 2633 773 2684 dare
792 2633 832 2685 sel
850 2631 935 2685 iacere
951 2647 1025 2702 opor·

208 2727 257 2777 tet.
278 2720 325 2770 bue
344 2719 415 2771 euim
435 2730 520 2770 nutum
541 2728 726 2771 contractuum
746 2717 769 2769 b.
782 2714 866 2786 [ipse
885 2717 1024 2784 imperitos

207 2801 236 2853 iu
251 2797 338 2869 §.fim
349 2800 431 2852 instit.
445 2801 476 2853 de
488 2800 568 2872 oblig.
580 2819 625 2870 pu.
639 2817 675 2852 ee
685 2815 759 2851 cuns.
777 2799 889 2868 ognovit.
907 2799 965 2868 Qua
983 2811 1023 2848 ra·

209 2885 282 2936 tione
302 2900 348 2936 uec
367 2884 384 2936 i.
398 2883 424 2934 ii.
437 2890 458 2946 ς.
474 2885 498 2937 i.
509 2885 542 2936 de
553 2901 672 2953 praescr·
686 2882 756 2934 ceri.
769 2883 914 2935 sententiae
933 2888 1023 2944 uocet,

207 2969 279 3038 quasi
301 2969 471 3040 praescriptis
489 2969 577 3020 serbis
595 2968 663 3020 aetio
681 2967 712 3017 sd
737 2967 863 3018 interesse
878 2955 980 3035 serpat.
998 2973 1026 3018 et

211 3053 250 3105 sie
269 3071 321 3106 non
341 3053 500 3124 simpliciter
518 3052 549 3105 sd
570 3052 749 3120 implendnms
768 3061 905 3103 contextus
927 3051 1026 3120 quippe

210 3132 276 3203 legis
293 3135 410 3196 indicat,
428 3151 480 3187 non
499 3134 605 3188 excindi
624 3129 705 3186 finem
725 3134 840 3203 primum
862 3135 958 3195 istusu.
977 3131 1024 3185 sed

208 3225 263 3270 tum
282 3216 388 3269 demum
408 3219 440 3270 sd
460 3219 602 3282 interesse,
623 3218 698 3270 si‘sb
715 3217 797 3269 altera
821 3225 893 3286 perte
912 3217 1023 3286 promis·

208 3316 266 3352 sum
285 3318 336 3355 non
355 3308 514 3371 premetur,
534 3303 574 3354 vel
592 3311 621 3354 ut
638 3301 683 3352 alii
702 3302 896 3372 oppositionem
917 3297 974 3352 beri
985 3300 1023 3351 di·

208 3394 265 3434 ctae
282 3385 391 3436 actionis
409 3392 436 3435 et
454 3383 649 3450 condictionis,
666 3401 733 3454 quse
758 3387 885 3437 interesse
910 3386 1024 3436 oestima-

209 3465 309 3518 tionem
330 3485 383 3520 uon
402 3467 563 3521 admitteret.
581 3467 621 3518 Es
639 3469 735 3538 quibus
753 3468 842 3522 sidere
860 3469 937 3532 licet,
956 3468 1025 3518 inte·

1076 1963 1230 2018 edictione
1249 1965 1319 2018 euim
1339 1977 1441 2034 emptor
1457 1963 1521 2016 licet
1537 1962 1569 2015 sd
1588 1962 1625 2013 rei
1648 1960 1815 2013 traditionem
1835 1978 1893 2030 rge-

1077 2062 1132 2116 ret,
1152 2050 1231 2120 (nem
1251 2049 1315 2102 elias
1333 2060 1392 2101 uter
1410 2046 1621 2102 contrabentium
1649 2045 1722 2116 prins
1746 2045 1778 2096 ad
1798 2046 1893 2116 imple·

1075 2144 1192 2188 mentum
1212 2143 1360 2186 contreetus
1378 2135 1444 2202 ogit,
1463 2151 1476 2183 a
1496 2148 1542 2183 sne
1568 2140 1642 2201 parte
1659 2129 1771 2200 impiere
1789 2139 1894 2184 tenetur

1075 2219 1164 2288 prins,
1183 2235 1260 2286 quum
1280 2218 1391 2270 alterum
1411 2219 1445 2270 sd
1466 2214 1630 2287 implendum
1649 2213 1761 2284 adigit.)
1778 2215 1796 2266 l.
1820 2215 1844 2268 li.
1869 2223 1892 2277 ς.

1076 2296 1101 2350 i.
1114 2298 1146 2354 de
1158 2299 1232 2353 dole.
1245 2298 1263 2350 l.
1276 2295 1365 2366 diff.
1376 2300 1410 2352 de
1420 2317 1447 2350 n.
1458 2317 1480 2352 e.
1495 2317 1552 2368 urg.
1570 2298 1588 2349 l.
1607 2297 1651 2348 dd.
1669 2305 1690 2358 ς.
1692 2295 1725 2366 s
1728 2295 1770 2364 ff·
1790 2299 1892 2352 aedidit.

1074 2382 1151 2436 edict.
1166 2384 1205 2434 rel
1224 2381 1391 2452 interpositis
1410 2381 1528 2435 satisdat.
1546 2381 1565 2432 l.
1578 2378 1665 2449 ddff.
1683 2378 1709 2432 d.
1728 2390 1748 2432 c.
1765 2381 1798 2434 de
1810 2383 1892 2436 aedil.

1074 2464 1150 2518 edict·
1176 2464 1213 2517 vel
1237 2462 1402 2532 depositione
1425 2463 1553 2532 pecuniae
1582 2463 1635 2514 sibi
1658 2464 1792 2516 uonsnlere
1810 2465 1891 2530 salet,

1073 2565 1131 2618 nvp.
1154 2544 1226 2614 dff.
1253 2547 1296 2598 89.
1314 2547 1347 2599 de
1373 2548 1453 2599 solut.
1471 2547 1531 2616 Quo
1549 2557 1636 2598 tamen
1655 2562 1707 2598 nou
1726 2551 1891 2615 negaverim,

1074 2633 1155 2685 etism
1175 2630 1205 2682 in
1230 2629 1365 2699 emptione
1391 2639 1417 2681 et
1443 2629 1592 2683 venditione
1615 2628 1791 2696 uenditorem,
1811 2631 1834 2682 si
1858 2627 1893 2682 ud

1074 2713 1241 2786 implendum
1268 2715 1325 2784 ipse
1351 2713 1422 2779 agit,
1440 2712 1556 2781 praecise
1583 2713 1688 2766 tradere
1711 2713 1820 2778 debere,
1844 2729 1892 2766 uec

1075 2799 1205 2853 solutione
1223 2798 1348 2850 iuteresse
1367 2797 1484 2849 liberari.
1498 2796 1627 2850 venditor
1645 2797 1716 2850 enim
1732 2796 1833 2850 tradere
1852 2812 1893 2851 nc·

1074 2900 1145 2936 cesse
1158 2882 1253 2949 habet,
1271 2890 1297 2934 et
1315 2881 1485 2949 compellitur
1502 2879 1520 2933 l.
1534 2878 1621 2948 ΒΜΓ.
1634 2881 1666 2932 de
1677 2899 1703 2932 a.
1716 2898 1739 2933 e.
1758 2881 1813 2932 imo
1829 2883 1893 2935 iicet

1073 2967 1181 3040 duplum
1200 2965 1281 3038 pretii
1299 2962 1552 3035 offerat‚quuusqne
1570 2965 1696 3018 iuteresse
1715 2965 1743 3015 iu
1762 2963 1893 3016 venditio·

1075 3053 1156 3104 uibus
1173 3052 1192 3103 1.
1204 3047 1278 3106 unic.
1291 3066 1315 3102 e.
1327 3049 1360 3103 de
1372 3057 1483 3102 sentent.
1502 3066 1568 3118 quae
1585 3066 1634 3119 pro
1646 3065 1675 3102 eu
1691 3047 1761 3117 quod
1779 3047 1893 3100 interest

1075 3134 1244 3198 redimatur,
1270 3150 1324 3186 nou
1348 3144 1444 3188 tantum
1472 3132 1590 3185 venditio
1619 3128 1784 3184 rescinditur.
1807 3131 1892 3183 Mults

1074 3216 1182 3287 quidem
1200 3235 1217 3270 ι
1235 3215 1397 3270 contrarium
1412 3215 1586 3268 sentientibus
1598 3213 1643 3266 lsie
1658 3213 1744 3282 urgeri
1756 3214 1894 3278 recordor,

1076 3301 1121 3353 sed
1139 3301 1264 3354 omuibus
1281 3301 1365 3368 regeri
1386 3316 1461 3370 posse
1474 3300 1568 3364 credor
1581 3301 1619 3352 rel
1638 3300 1705 3368 qnod
1725 3299 1758 3351 de
1775 3315 1835 3351 casn
1848 3298 1893 3350 ubi

1078 3385 1189 3437 traditio
1207 3385 1399 3456 impossibilis,
1418 3385 1459 3437 sei
1477 3385 1521 3436 ubi
1546 3385 1644 3438 ratione
1672 3385 1710 3438 rei
1736 3384 1893 3448 tradendae,

1075 3485 1141 3537 ques
1157 3483 1189 3522 cx
1203 3485 1274 3522 utura
1293 3467 1439 3523 venditoris
1457 3468 1574 3522 deterior
1592 3485 1753 3537 quocumque
1772 3471 1849 3522 ruodo
1860 3468 1897 3522 is·

210 3565 280 3602 resse
298 3551 342 3604 itio
360 3550 440 3604 veluti
460 3567 492 3604 es
511 3550 718 3621 obligationibus
735 3549 815 3602 dsndi
836 3551 910 3618 louge
927 3553 1023 3602 versari
1075 3562 1136 3614 ets,
1154 3549 1270 3620 emptori
1288 3549 1320 3602 sd
1341 3551 1468 3604 iuteresse
1485 3567 1563 3619 agere
1588 3554 1758 3620 permittitur.
1781 3553 1821 3607 De
1839 3554 1894 3608 sin·

209 3635 300 3700 sliter,
321 3651 397 3704 quern
423 3632 547 3688 faciendi.
575 3635 605 3688 io
631 3633 712 3688 dandi
732 3636 803 3686 enim
822 3632 1027 3702 obligationibus
1076 3634 1144 3704 gulis
1163 3633 1207 3686 bio
1225 3651 1301 3704 agere
1319 3635 1449 3706 propositi
1469 3637 1537 3689 ratio
1555 3638 1688 3707 probibet.

209 3721 270 3788 quis
289 3719 406 3789 praecise
424 3707 698 3790 condemuarl'potest
716 3719 747 3770 ad
767 3716 898 3780 dandum,
916 3717 977 3785 qnis
997 3717 1024 3768 iu
1111 3725 1133 3784 ς.
1152 3717 1178 3770 'i.
1196 3715 1333 3773 Caeterum
1353 3719 1407 3775 sive
1425 3721 1492 3772 inter
1505 3731 1696 3790 permutantes,
1710 3721 1763 3776 sire
1775 3731 1894 3776 ementes

211 3803 245 3854 iis
263 3803 319 3857 teti
340 3802 421 3874 surgis
446 3813 535 3855 nostra
559 3802 737 3873 peounisriter
762 3802 885 3854 interesse
908 3801 1026 3854 eredide-
1076 3810 1102 3854 et
1120 3801 1260 3856 vendentes
1278 3805 1378 3856 lucrum
1397 3813 1535 3876 utromque
1552 3805 1673 3875 peginam
1693 3805 1765 3860 iacit.
1781 3807 1894 3862 lusorum

214 3888 283 3953 rint,
302 3906 378 3958 quem
400 3887 444 3940 nisi
466 3886 557 3940 iactum
577 3896 709 3951 versetur,
729 3904 786 3956 urg.
810 3885 829 3936 i.
848 3884 893 3938 tt.
908 3883 932 3955 ξ.
951 3883 1025 3956 1.,θῖ
1077 3904 1129 3940 nou
1148 3887 1218 3956 quud
1236 3905 1285 3960 pru
1303 3890 1429 3958 pecuniae
1447 3891 1511 3956 insta
1531 3905 1608 3943 usnrs
1628 3891 1697 3956 estet
1717 3892 1799 3957 solet,
1821 3893 1897 3944 intel·

212 3975 246 4026 de
270 3993 295 4026 u.
322 3984 346 4025 et
369 3993 394 4026 u.
414 3969 449 4024 Et
467 3973 506 4024 siu
524 3971 661 4042 primord
682 3967 861 4040 implendum,
879 3965 902 4017 si
924 3965 1028 4020 iaeultss
1075 3973 1140 4040 ligo,
1158 3973 1206 4024 boe
1225 3971 1296 4023 enim
1316 3973 1399 4040 mugit
1413 3973 1550 4036 mercedis,
1562 3990 1639 4040 qnsm
1654 3973 1719 4026 lucei
1734 3975 1842 4028 nornine
1854 3993 1895 4028 es·

213 4057 335 4110 tradeudi
354 4058 406 4118 site
426 4055 556 4107 interesse
582 4061 666 4106 antem
689 4063 744 4104 tum
762 4049 867 4102 demum
894 4051 947 4120 peti
967 4067 1025 4118 pos·
1076 4070 1114 4117 se,
1131 4070 1191 4126 pers
1209 4053 1361 4122 praesertim
1380 4055 1491 4107 secunda
1509 4055 1673 4125 explicabitg
1690 4071 1788 4109 merces
1805 4057 1895 4120 enisu,

213 4141 265 4200 sit,
283 4157 340 4195 cum
365 4139 468 4195 tradere
494 4139 576 4201 nulit;
595 4138 673 4190 veluti
694 4135 737 4188 bic
755 4135 775 4187 1.
798 4134 822 4184 ii·
846 4135 870 4200 S·
893 4131 972 4202 ¹·ffi
995 4133 1028 4185 tle
1076 4139 1160 4192 reiuti
1176 4153 1208 4188 ex
1228 4135 1286 4204 ipss
1304 4151 1342 4198 re,
1360 4141 1387 4186 et
1406 4153 1455 4204 pro
1472 4138 1626 4204 pensatione
1639 4155 1704 4190 nsns
1716 4139 1841 4200 euneessi,
1855 4141 1895 4190 rel

212 4239 326 4286 praescr.
352 4225 428 4278 ueri.
447 4223 545 4276 Contra
565 4221 592 4274 iu
613 4219 729 4272 iseieodi
751 4218 957 4286 obligationibus
975 4235 1027 4271 nou
1077 4221 1175 4276 laboris
1193 4217 1308 4272 esbibiti
1328 4216 1383 4270 deri
1405 4218 1484 4270 solet·-
1502 4217 1545 4268 ubi
1564 4223 1637 4270 enim
1657 4219 1794 4285 peenuisrn
1810 4238 1895 4274 meam

217 4307 336 4374 peaeeise
351 4307 382 4357 ad
404 4307 516 4370 luctum,
536 4305 581 4357 sed
600 4303 638 4356 sel
659 4301 772 4367 iactum,
793 4301 833 4352 sel
851 4301 996 4364 iuteresse,
1010 4303 1027 4353 i.
1078 4305 1124 4359 alii
1144 4301 1266 4358 utendam
1285 4301 1477 4363 concesserim,
1499 4301 1538 4354 vei
1556 4301 1633 4353 sedes
1655 4299 1809 4353 bahltsntlss
1828 4301 1896 4353 loca·

216 4391 259 4442 1³.
263 4389 306 4458 ff.
319 4389 351 4442 de
361 4407 391 4443 re
397 4391 484 4464 judic.
497 4391 514 4442 1.
528 4389 571 4440 ¹12.
586 4389 618 4440 de
630 4404 651 4439 u.
664 4402 691 4439 u.
709 4403 741 4438 ex
758 4404 810 4456 quo
828 4385 872 4436 dd.
889 4386 1027 4454 eolligunt,
1077 4393 1175 4454 verim,
1194 4389 1294 4442 lucrum
1314 4385 1477 4440 extrinsecus
1500 4393 1528 4439 et
1552 4385 1618 4438 nites
1645 4385 1743 4439 laboris
1766 4397 1809 4438 snt
1834 4402 1897 4440 usus

215 4473 237 4526 si
257 4473 411 4525 indistincte
428 4474 476 4525 boc
494 4471 571 4524 modu
590 4468 685 4522 iactum
707 4468 821 4536 petitur.
835 4466 952 4518 libellum
972 4483 1027 4520 Μ·
1079 4477 1258 4544 pensstinnem
1276 4472 1399 4541 exigitur.
1421 4468 1497 4539 Quod
1517 4469 1623 4540 proprie
1641 4471 1778 4541 captabunt
1797 4467 1829 4522 sb
1842 4470 1896 4522 tlu-

214 4559 274 4609 uire
290 4555 417 4625 ineptum.
436 4555 468 4606 Et
487 4557 536 4607 bon
553 4553 622 4623 quod
644 4553 706 4602 tauri
727 4562 813 4602 nostra
833 4567 883 4601 uon
904 4551 1029 4604 iuteresse
1077 4568 1153 4628 guero
1169 4557 1297 4612 Sperando
1315 4566 1382 4610 reste
1400 4555 1500 4614 notati,
1517 4555 1563 4624 qui
1589 4557 1726 4626 peeuuism
1751 4556 1896 4611 leuioribus

215 4641 364 4709 putruerint
389 4639 488 4692 ratione
512 4637 591 4700 iscti,
611 4636 650 4688 vel
672 4633 740 4702 quod
765 4633 948 4701 promittentes
977 4649 1029 4683 nou
1079 4645 1166 4698 periris
1185 4643 1293 4698 mutuati
1313 4643 1430 4713 grauiora
1448 4639 1553 4694 foenore
1570 4643 1737 4696 essiioesssent
1761 4641 1813 4696 sat
1828 4660 1896 4694 sser-

216 4727 281 4774 adeo
299 4725 430 4793 pinsite·
442 4723 517 4792 (lusti
536 4721 605 4773 i'itti
626 4719 708 4786 Μὴ
721 4715 1031 4784 diii⁰⁰¹¹¹⁹⁸di¹fi⁰ssm
1080 4729 1212 4785 sutoribus
1232 4729 1260 4778 id
1278 4725 1350 4779 band
1369 4723 1553 4786 invidendum,
1574 4727 1618 4794 qni
1638 4726 1775 4794 indigenas
1794 4741 1895 4780 meroes

215 4807 352 4859 voluerint.
372 4806 494 4873 Adeoque
515 4806 641 4856 interesse
660 4801 704 4852 bic
723 4803 750 4850 iu
770 4799 915 4851 subsidium
935 4816 1029 4862 noune,
1079 4831 1138 4867 enm
1160 4810 1307 4882 wem-3⁰5,
1327 4817 1458 4863 venene„
1481 4825 1515 4862 η.
1538 4809 1678 4876 rmum„
1695 4821 1809 4864 mmm
1827 4828 1899 4864 m.

213 4892 303 4960 quenti
324 4907 380 4942 mc·
399 4890 505 4942 intersit
523 4903 580 4940 ΝΜ
600 4905 651 4940 ⁰⁰⁰
674 4886 818 4956 mettim»
831 4885 1030 4953 ⁰⁰¹²P¹²⁰lii¹¹tt
1083 4897 1178 4949 meroin
1195 4897 1273 4950 aubis
1291 4903 1409 4964 perenm,
1428 4895 1469 4946 sei
1487 4891 1510 4944 si
1529 4893 1620 4946 eodem
1635 4889 1840 4956 oonsniiioisnr,
1854 4907 1898 4944 er·

217 4976 245 5027 iu
270 4975 476 5044 obligationibus
501 4971 615 5024 faciendi
640 4981 744 5033 sutem,
764 4971 854 5020 stetim
879 4967 959 5020 ueluti
984 4985 1030 5034 per
1081 4981 1144 5035 mi,
1162 4979 1230 5034 lund
1250 4977 1432 5038 destituamur,
1450 4970 1580 5039 efficiunt,
1598 4992 1738 5044 eoqueneo
1752 4975 1897 5038 laboribus,

218 5077 317 5112 morsm
337 5068 467 5128 potestate
482 5058 549 5125 juris
575 5055 678 5108 novitio
704 5051 768 5118 bus,
787 5060 814 5103 et
839 5051 878 5103 sie
895 5059 955 5102 ante
974 5050 1031 5101 litis
1082 5081 1129 5116 a„
1145 5061 1297 5131 ,umprtbua
1316 5069 1441 5130 paeonotg
1460 5059 1488 5108 ia
1507 5059 1604 5124 egregii
1624 5059 1701 5120 buius
1718 5060 1808 5126 operis
1826 5075 1897 5110 mm.

215 5146 429 5194 ‘⁰⁰¹⁰'ltlit’fl‘ffl
450 5142 477 5192 iu
497 5147 621 5211 9⁰¹²¹i¹¹⁸
646 5135 845 5206 immi'oe'i'i’s
864 5151 896 5186 ⁸⁰
916 5134 1029 5200 sitim·
1081 5148 1258 5218 psensntiouetu
1280 5141 1900 5213 multsipsisnusesliisproiribitr,concedun-

215 5242 248 5276 so
267 5225 394 5277 interesse
413 5235 544 5296 praestsre
563 5223 645 5274 malie.
664 5223 682 5273 i.
695 5217 785 5288 diff.
799 5217 831 5273 cie
842 5238 864 5272 u.
876 5237 903 5273 o.
1081 5241 1134 5292 tur,
1156 5232 1189 5282 de
1205 5247 1256 5300 quo
1274 5229 1315 5281 sir
1326 5225 1548 5281 eelebrsttrsimus
1560 5225 1684 5277 dominus
1699 5225 1799 5276 dierius
1809 5225 1902 5298 udjne

251 5314 274 5371 ς.
291 5309 316 5360 il.
343 5306 525 5360 Permnteutes
550 5307 661 5358 insicum
694 5323 784 5358 serum
818 5305 856 5356 rei
883 5304 1030 5356 dominium
1082 5315 1166 5369 zum,
1183 5313 1230 5366 tid,
1250 5313 1275 5367 3,
1294 5313 1334 5364 m,
1353 5311 1380 5362 d.
1399 5317 1451 5362 avr.
1469 5309 1513 5359 rt.
1537 5326 1565 5358 n.
1591 5308 1615 5360 8.
1641 5317 1668 5360 et
1692 5307 1717 5360 i.
1746 5307 1902 5362 Aristoteles

218 5391 319 5444 tradere
337 5403 474 5455 tenentur,
489 5395 552 5442 dum
571 5407 645 5442 eausa
664 5390 707 5441 irie
725 5392 849 5458 utrinque
866 5387 957 5439 debeat
978 5404 1034 5439 esse
1085 5398 1190 5470 quidm
1209 5395 1472 5466 ,liquoriarnmoem
1490 5399 1612 5462 quaestus
1638 5390 1752 5444 irriendi
1781 5393 1903 5456 ntudssm,

216 5475 348 5544 aequalis,
365 5491 414 5527 uec
429 5469 530 5525 sullicit
549 5473 626 5525 sicuti
647 5475 674 5525 in
687 5474 822 5541 emptione
840 5481 864 5524 et
883 5470 1035 5523 venditione
1084 5499 1161 5551 quem
1181 5495 1304 5532 nummus
1321 5487 1455 5546 operetur.
1473 5485 1563 5528 contre
1577 5486 1694 5527 naturam
1715 5475 1817 5534 asserit,
1830 5473 1902 5542 quod

217 5562 397 5614 conditionem
417 5559 584 5630 sssncspiendi
599 5559 656 5626 quis
671 5557 815 5614 transferre
833 5559 911 5612 malit.
930 5559 1034 5612 Nullam
1059 5587 1064 5642 Ι
1086 5576 1175 5619 arture
1194 5561 1269 5616 linita
1288 5559 1428 5618 desideret.
1439 5569 1576 5630 ntraestnm
1596 5571 1678 5612 autem
1699 5557 1776 5612 inum
1795 5556 1901 5610 inlinit·

219 5649 290 5699 euim
321 5645 541 5718 permutationem
573 5642 667 5697 uffectu
699 5661 734 5698 sc.
765 5647 878 5698 alienam
905 5661 957 5697 rem
982 5646 1036 5698 sive
1059 5649 1066 5692 i
1087 5649 1190 5715 secteri;
1209 5649 1360 5722 plerumque
1379 5647 1448 5700 euim
1469 5659 1541 5698 sutor
1553 5643 1652 5697 nummi
1666 5659 1783 5696 creseere
1795 5643 1903 5708 dicitnr,
