4460 6208
811 197 1029 256 ntsec‘rtuto
1047 192 1133 255 ΠΗ.
1152 191 1255 250 PtttT.
1276 191 1295 242 Ι.
1316 189 1432 244 CAPUT
1453 187 1500 243 tv.
1893 187 1946 242 ttut

363 217 417 268 50³

304 309 421 377 Philippi
443 304 476 357 ll.
495 313 579 357 aetate
600 297 808 368 lntnerplenaes
827 295 855 348 in
873 294 947 346 oanni
968 290 1070 343 nautica
1087 299 1115 343 et
1140 312 1146 324 ·
1166 286 1388 338 eontrsetuaundc
1401 285 1513 348 dicatur,
1529 300 1564 382 ¹ex
1580 283 1795 383 praeeedeptibus
1817 285 1868 352 iarn
1887 285 1990 356 liquare

304 405 465 444 versutarum
485 385 594 441 seientia
614 385 710 455 primas
724 388 849 443 tenerent,
860 375 968 444 ideoque
983 372 1118 426 communi
1166 368 1830 438 arbitror.Conseususlemdsoo,quodstaumquam
1840 369 1997 424 contrahen-

306 470 363 524 iere
381 487 413 522 ea
430 471 508 538 longe
525 468 628 520 dissitis
647 463 797 536 regionibus
814 461 972 514 uertentium
991 475 1120 512 consumo
1167 460 1208 506 le·
1225 452 1258 506 ds
1268 451 1448 506 aestimatione
1466 452 1591 505 mercium
1611 460 1638 504 et
1654 451 1771 520 praemio
1794 465 1842 519 pro
1854 453 1998 507 secennio

304 555 428 618 bursam,
447 570 491 606 seu
505 561 675 605 mercatorum
696 560 721 601 et
739 558 873 598 usurarum
895 543 1051 596 uertentium
1074 541 1121 593 tri·
1167 537 1334 597 conueniant,
1343 547 1488 589 contractos
1497 536 1595 588 dicatur
1604 531 1745 604 perlectus,
1759 551 1807 588 neo
1814 535 1996 604 poenitentiae

305 639 383 692 gund
396 650 551 702 exercerem,
564 647 592 688 „q
605 637 741 706 puppup„
753 647 785 686 εχ
799 628 1122 684 „montionibmmaa-
1168 620 1239 672 locus
1262 621 1303 672 sit.
1328 619 1404 672 Unde
1423 619 1504 671 ctiam
1524 619 1568 670 laic
1586 617 1794 682 controuersiae,
1812 622 1885 687 cujus
1903 628 1999 674 treola·

306 738 370 791 μη,
386 719 529 776 difficule„
547 720 647 788 judiees
665 731 804 788 suspensos
829 715 953 776 baberet,
981 711 1122 781 Philippu,
1171 701 1268 755 tionem
1288 700 1359 754 inira
1378 701 1551 770 promiseram
1567 699 1691 755 satisfieri
1711 701 1818 772 poterit,
1835 703 1907 774 qood
1928 719 2000 757 asae·

307 821 354 858 m
372 805 527 875 peculium
552 800 761 854 „ommonem
793 798 877 866 3923„
901 793 998 847 innoti,
1023 803 1123 846 mem.
1169 794 1331 847 curatorem,
1350 785 1411 836 licet
1430 784 1577 853 praemium
1597 785 1716 838 nondum
1745 786 1876 851 solidum,
1903 785 1996 856 poeni·

305 898 374 953 otus,
392 903 421 941 ae
440 890 495 952 ejus
514 885 613 939 tornae
630 900 784 955 cynosuram
806 881 937 934 Bruxettis
955 897 1031 932 anne
1044 880 1123 932 tous.
1171 886 1226 923 rere
1244 889 1295 924 non
1315 872 1391 922 tteert
1409 871 1572 940 regutsrtter.
1592 872 1615 922 1·
1634 871 1668 924 ob
1688 880 1809 924 auroram
1838 880 1997 926 contractos.

310 972 336 1024 d.
350 973 396 1024 31.
407 970 512 1024 octobr.
530 967 626 1032 edidit,
644 987 673 1020 ac
690 984 761 1019 anno
781 966 859 1018 teau.
877 981 929 1018 noo
949 964 1005 1016 sine
1023 981 1122 1019 sectura.
1171 955 1195 1008 2.
1214 971 1246 1006 ea
1265 955 1487 1007 assecurationum
1505 953 1588 1007 variis
1596 954 1736 1022 exemptis,
1750 953 1797 1006 uhi
1812 954 1996 1008 contrahentes

197 1041 210 1049 “
307 1055 372 1110 tiore
391 1052 566 1106 delineatione
586 1051 710 1122 repetiite
727 1068 804 1120 quana
826 1049 915 1103 Bataui
934 1057 961 1100 et
987 1049 1124 1120 praecipue
1173 1039 1320 1110 liminium
1341 1039 1417 1104 ¹⁰¹¹ssss
1436 1047 1494 1107 9⁰⁵¹
1507 1036 1701 1102 ”itmiiii‘i‘
1713 1055 1765 1132 ¹1¹¹?
1777 1037 1904 1107 toprtnsts
1918 1037 1994 1109 styp-

308 1137 562 1190 Ansateiodameuaes
579 1151 638 1190 coru
660 1147 819 1188 mercaturae
835 1135 903 1203 sputi
921 1149 950 1187 se
962 1133 1123 1187 incremento
1173 1139 1240 1175 Μ·
1259 1123 1286 1174 d·
1305 1122 1323 1172 1·
1343 1139 1372 1175 ἢ·
1390 1121 1451 1173 5³⁴·
1469 1121 1522 1174 Ubi
1541 1122 1623 1173 ‘lim
1642 1119 1861 1174 ‘ilistul'ffllibm
1885 1137 1995 1191 leiim·

309 1229 479 1290 receperunt,
497 1237 528 1272 ac
548 1231 605 1286 post
624 1218 742 1286 reliquae
758 1216 917 1271 Germaniae
935 1218 1055 1270 ciuitates
1070 1236 1117 1270 tna·
1172 1207 1236 1269 ‘¹⁸¹3
1253 1219 1275 1260 0¹
1294 1223 1328 1258 Εἰ
1341 1207 1401 1258 *lili
1422 1206 1563 1258 ”mittite
1575 1204 1626 1274 'dil
1638 1203 1790 1273 M'‘iiiiii'‘l·
1804 1201 1902 1275 d‘til'-
1914 1221 1994 1259 mm·

307 1304 421 1368 ritimae,
438 1303 552 1354 rnnxime
569 1303 768 1371 llamhurgurn,
788 1315 845 1352 curn
866 1297 975 1354 scientiis
993 1311 1016 1354 et
1039 1302 1125 1355 salure
1172 1293 1209 1344 11⁶⁶
1232 1291 1257 1342 2·
1270 1292 1421 1361 wit-¹³⁴·
1437 1291 1480 1342 ¹⁶·
1492 1288 1912 1354 ΝΟΦῙΜΜΜΜΜῙΜῙΜ,
1923 1287 1994 1382 qipd

267 1399 270 1412 ¹
307 1386 346 1437 rei
366 1387 484 1437 nauticae
502 1385 666 1450 induerunt,
691 1403 721 1438 ao
745 1383 887 1438 seeundum
907 1404 962 1439 earn
982 1385 1124 1440 hodienum
1173 1375 1264 1428 ‘uilem
1286 1372 1361 1426 ‘⁰⁰³⁰
1380 1384 1405 1428 nt
1422 1373 1521 1426 immi
1541 1381 1692 1424 0⁰⁰¹f⁸⁰¹⁰⁸
1715 1380 1815 1424 stilum
1842 1379 1870 1424 ‘l
1886 1367 1997 1442 wilfi·

308 1469 449 1522 niaximum
469 1480 572 1537 partem
601 1485 634 1521 es
660 1468 854 1522 assecuratione
878 1470 1002 1522 oriundas
1024 1481 1125 1524 contro
1173 1459 1382 1514 cumaeneteris
1401 1459 1557 1511 distinctum
1577 1454 1994 1520 uomeuhaheat,imouonnisl

307 1551 550 1605 rersiasdecidunt.
570 1551 695 1606 Romanis
712 1553 820 1622 quidem
842 1554 942 1622 analogi
962 1553 1025 1624 quid
1038 1564 1128 1609 nostro
1176 1547 1220 1600 uni
1240 1554 1311 1597 ⁰0⁸⁰
1329 1541 1432 1612 ⁰⁰8⁰¹i⁰
1450 1551 1597 1610 immitem,
1616 1538 1692 1600 ⁴¹th
1712 1557 1742 1592 ⁸⁶
1760 1538 1858 1609 ubique
1875 1541 1994 1609 §tillium

308 1634 452 1687 contractui
472 1635 587 1687 solemne
608 1633 675 1698 fuit,
695 1633 739 1687 sed
759 1635 837 1702 hujus
849 1645 998 1689 contractus
1010 1635 1125 1692 indolem
1177 1629 1221 1680 ubi
1239 1627 1386 1680 celebretur
1404 1637 1532 1694 tumquam
1551 1623 1701 1676 nominatos
1719 1642 1733 1675 a
1751 1625 1862 1676 caeteris
1886 1641 1994 1676 eonsen-

253 1773 257 1776 ,
307 1718 505 1784 ignoraverunt3
524 1728 705 1787 argumentum
724 1721 796 1772 enlm
816 1719 885 1789 qnod
904 1736 937 1771 ex
949 1720 966 1773 i.
983 1721 1026 1782 31.
1041 1731 1069 1775 st
1083 1721 1126 1774 36,
1179 1713 1293 1766 tualibus
1311 1711 1452 1763 distinctu·
1472 1709 1500 1761 in
1519 1707 1625 1759 statutis
1643 1716 1670 1758 et
1687 1705 1794 1772 judiciis
1806 1723 1853 1759 usu
1867 1717 1994 1775 seruatur,

300 1797 567 1867 fflocat.aei.'18.
585 1798 687 1870 §frte
705 1812 777 1855 conr.
794 1805 1052 1872 suspectandum·
1067 1815 1130 1868 θη,
1180 1798 1399 1869 quemadmodum
1418 1813 1450 1846 ex
1468 1794 1634 1846 ordinetione
1659 1792 1795 1863 Philippi,
1820 1793 1893 1861 cujus
1919 1809 1995 1863 supra

311 1883 352 1936 30.
371 1900 394 1934 o·
412 1881 446 1935 de
463 1883 629 1952 nutabsoen.
648 1885 796 1950 deducunt,
817 1889 944 1952 iustitiam
962 1891 1068 1958 quidem
1084 1915 1128 1950 00.
1180 1883 1300 1946 memini,
1312 1892 1339 1933 et
1356 1878 1562 1933 exordinatione
1573 1894 1617 1928 seu
1626 1875 1668 1928 die
1682 1878 1999 1948 Auernum-ordnung

311 1964 360 2018 stri
380 1973 528 2018 contractus
559 1980 630 2033 urat,
655 1966 716 2020 dum
735 1977 761 2020 et
779 1970 906 2023 Romanis
932 1987 979 2023 nsu
1006 1977 1125 2029 serrabu-
1178 1965 1227 2021 det·
1245 1967 1485 2026 Amttet'dflmmets
1502 1976 1565 2030 ΨΜ
1584 1960 1734 2028 Mtquti·
1754 1960 1874 2011 luciflui
1900 1977 1946 2013 ⁸⁰⁰
1963 1963 1996 2014 ‘¹²

311 2058 361 2112 tur,
382 2050 455 2103 nasia
474 2051 513 2104 rel
533 2051 660 2102 mercium
680 2053 824 2122 pericnlum
844 2069 890 2122 per
916 2055 1078 2110 aversionem
1100 2059 1126 2112 in
1174 2049 1227 2116 iter.
1247 2067 1325 2104 mere.
1343 2050 1489 2100 itenere.
1508 2043 1637 2113 sdjunxit,
1655 2042 1760 2095 chuntie
1777 2041 1865 2095 uidere
1882 2056 1928 2108 est,
1948 2061 1996 2096 uec

308 2147 345 2192 se,
363 2131 506 2199 etquidem
527 2149 574 2200 pro
593 2135 709 2202 praemio
727 2134 865 2204 suscipere,
884 2151 973 2188 rernm
992 2139 1124 2205 quodlin·
1174 2136 1239 2189 stilti
1257 2136 1348 2189 eodem
1369 2131 1445 2186 modo
1464 2149 1510 2184 nsu
1529 2130 1633 2195 uenire,
1652 2128 1691 2180 uti
1720 2129 1865 2200 flsmhurgi
1886 2131 1996 2200 probare

310 2213 397 2265 rnanis
415 2213 509 2266 modus
527 2213 572 2264 hie
591 2216 847 2286 nominepeculiaris
859 2226 1006 2270 contractus
1024 2234 1123 2275 certum
1178 2218 1356 2270 testimonium
1375 2217 1427 2268 nisi
1445 2217 1497 2282 jana
1516 2212 1617 2266 occasio
1636 2210 1742 2265 deesset.

308 2311 403 2348 nomen
421 2313 451 2348 ao
468 2295 579 2350 formam
600 2297 730 2364 habentis,
749 2311 826 2353 notos
845 2300 941 2366 luerit,
960 2317 1064 2372 apparet
1078 2323 1123 2358 nu·
1213 2301 1237 2374 ᾗ.
1250 2302 1275 2354 i.
1292 2305 1392 2357 ttterces
1410 2318 1460 2369 pro
1477 2299 1563 2369 pretio
1580 2305 1653 2350 oertu
1671 2295 1847 2350 aestimandas
1865 2296 1996 2364 objectum

308 2381 408 2448 spirtu,
427 2381 472 2434 sed
492 2381 617 2450 periculis
637 2385 779 2452 praestatio
794 2385 875 2437 aeluti
895 2394 998 2454 pactum
1026 2386 1127 2442 meede·
1176 2387 1376 2440 assecurationis
1395 2385 1471 2446 roiui,
1489 2393 1519 2435 ut
1532 2397 1623 2436 ornnes
1636 2399 1700 2450 quae
1715 2381 1743 2432 in
1758 2391 1928 2432 mercaturam
1943 2397 1995 2432 noo

310 2464 357 2515 bat
375 2463 485 2531 reliquis
501 2464 644 2517 consuetis.
1178 2473 1289 2535 adana,
1309 2469 1386 2523 eriam
1407 2469 1451 2521 bic
1469 2467 1629 2537 exciperem,
1647 2477 1673 2518 et
1686 2479 1740 2525 eos,
1759 2465 1855 2532 quibus
1875 2475 1999 2516 mereato-

344 2543 366 2614 ᾖ
392 2547 417 2598 2.
437 2545 547 2598 interim
567 2549 627 2601 iicet
650 2551 825 2603 Romanorum
846 2569 908 2605 aero
933 2563 956 2606 et
974 2554 1051 2623 longe
1069 2567 1129 2626 post
1178 2569 1232 2606 ram
1258 2565 1284 2608 et
1306 2570 1437 2608 uersuram
1463 2567 1585 2605 exercere
1610 2548 1798 2619 prohibitum,
1825 2547 1996 2602 excluderem.

311 2627 478 2696 incognitus,
508 2640 595 2684 tstnen
626 2634 691 2699 juris
721 2638 840 2703 gentium
866 2634 1032 2692 censebitur:
1066 2656 1126 2692 narn
1177 2635 1306 2690 Neutrum
1324 2637 1395 2688 enirn
1422 2636 1501 2704 periti
1526 2634 1564 2687 sei
1590 2633 1771 2696 aestimarent,
1794 2634 1834 2685 aei
1860 2634 1999 2689 aestimare

307 2711 432 2781 quiequid
451 2714 518 2766 inter
537 2717 624 2782 piures
640 2727 731 2784 gentes
758 2735 886 2788 peraeque
910 2720 1071 2786 custoditur,
1090 2725 1127 2776 uti
1176 2723 1310 2775 auderent.
1331 2719 1435 2771 Deinde
1452 2727 1480 2769 ut
1500 2729 1552 2769 tans
1571 2727 1826 2784 terrestrem,quarn
1838 2718 1997 2770 maritimam

310 2793 355 2846 bic
374 2809 473 2858 noster,
494 2797 559 2861 juris
577 2799 693 2865 gentium
711 2799 771 2850 erit.
791 2798 844 2850 Nec
857 2801 994 2868 quisquam
1009 2803 1127 2856 credide·

311 2877 360 2940 rit,
381 2878 511 2930 Romanos
531 2879 566 2930 ita
587 2881 687 2942 juribus
700 2880 888 2949 suiegeutibua
902 2883 1004 2936 obicem
1024 2887 1126 2952 posuis·

311 2975 352 3020 sc,
370 2959 439 3027 qnod
458 2961 559 3012 nuilurn
578 2962 661 3013 alium
681 2963 844 3015 nominatum
864 2974 1036 3030 contractum,
1049 2987 1127 3038 qnam

309 3055 386 3108 quem
404 3041 456 3110 ipsi
471 3051 571 3095 tanturn
585 3045 798 3114 approbsrerint,
811 3047 979 3103 introducere
993 3054 1147 3124 valuerint.¹

309 3125 339 3177 Si
359 3135 419 3176 tuno
438 3126 564 3194 temporis
589 3129 733 3182 nominatis
758 3131 935 3184 contractibus
961 3135 1041 3187 recito
1065 3153 1127 3204 gen-

309 3209 373 3260 tiuro
399 3225 543 3278 consensu,
569 3223 662 3266 usust
691 3214 781 3267 crebra
808 3217 984 3285 negotiatione
1009 3223 1129 3289 exigente

310 3311 406 3346 nornen
424 3306 525 3348 uertunt
546 3296 699 3365 impositum
719 3308 746 3351 et
766 3301 880 3368 generali
902 3302 1008 3358 nomine
1025 3319 1127 3360 contra·

308 3387 365 3427 otus
383 3389 552 3447 exemptumr
572 3379 626 3434 imo
643 3399 657 3434 a
677 3383 804 3435 Romanis
822 3385 962 3452 peculiaris
981 3399 1128 3446 contractus

309 3461 489 3528 stipulationis
510 3463 694 3528 introductus,
714 3483 761 3518 cnr
779 3483 831 3518 nun
852 3469 900 3520 hoc
918 3471 1008 3523 seculo
1027 3490 1128 3543 quoque

310 3559 341 3594 ea
362 3545 536 3611 negotiatione
553 3546 642 3599 crebra
662 3549 709 3599 aiii
730 3547 817 3600 adhoc
838 3561 981 3603 contractus
1001 3557 1129 3620 peculiare

309 3645 322 3676 s
341 3628 450 3680 caeteris
470 3645 569 3681 nomeu
587 3640 613 3681 et
633 3629 748 3682 turmam
770 3633 938 3686 sortirentur.
957 3635 994 3684 tic
1011 3638 1032 3687 si
1046 3637 1127 3692 Leoni

308 3709 461 3778 imperatori
479 3711 656 3780 emphiteosin
675 3731 689 3763 s
709 3715 836 3766 locutione
854 3724 881 3766 et
899 3715 1071 3773 conductione
1088 3737 1128 3772 sa·

310 3807 403 3860 parare
420 3792 508 3856 licuit,
525 3810 572 3844 cnr
591 3811 642 3847 nou
663 3795 789 3864 Phiiippo
807 3797 862 3864 regi
883 3798 1044 3869 Hispaniae,
1057 3801 1126 3856 idem

310 3875 452 3928 concedere
470 3877 676 3938 assecurationis
698 3877 774 3930 modu
792 3877 824 3930 sb
843 3879 903 3931 aliis
920 3881 1044 3948 gentihus
1070 3888 1127 3956 pari

312 3960 397 4022 modo,
415 3960 454 4014 uti
473 3961 553 4013 etiam
574 3958 685 4024 laetum,
704 3961 867 4030 approbata:
892 3983 954 4017 nam
975 3983 1023 4019 nec
1040 3967 1128 4037 ipsum

310 4061 446 4096 romanum
466 4047 523 4111 jus,
544 4054 641 4098 mutata
661 4063 674 4096 s
694 4047 806 4115 pristina
825 4058 910 4102 status
929 4051 1035 4121 imperii
1054 4053 1128 4122 lucie,

310 4127 387 4179 nohis
404 4130 445 4194 jus
463 4138 539 4189 esset,
558 4127 610 4180 nisi
625 4128 695 4182 toret
708 4133 892 4198 approbatum.
906 4136 1029 4200 Memini,
1042 4138 1131 4208 ingen·

310 4225 361 4266 tero
382 4213 425 4264 dd.
446 4230 582 4266 numerum
597 4232 669 4278 esse,
684 4231 795 4285 quorum
809 4220 918 4289 quisque
929 4219 961 4272 ad
972 4223 1052 4278 ulium
1066 4241 1128 4280 uun·

309 4309 434 4351 tractuum
454 4299 648 4351 nominatorum
657 4302 863 4355 consensuaiiuru
875 4303 987 4372 eliquent
996 4323 1051 4362 eam
1066 4307 1131 4364 reie-

311 4393 363 4443 rat,
384 4383 451 4434 alios
469 4395 559 4436 contra
579 4400 632 4436 non
652 4387 780 4438 minimae
797 4389 978 4453 auctoritatis,
1005 4411 1057 4448 non
1077 4397 1130 4450 nisi

311 4465 505 4516 innominatum
532 4476 693 4518 contractum
727 4469 806 4533 velie,
834 4469 878 4538 qui
906 4473 1039 4529 uideantur
1063 4483 1129 4550 apud

310 4546 427 4598 Ferocis.
448 4545 569 4615 Stypmn.
588 4547 621 4600 de
630 4550 689 4620 jur.
704 4567 772 4603 mor.
783 4569 809 4618 p.
823 4551 847 4603 i.
862 4570 920 4623 cop.
941 4556 968 4607 7.
992 4577 1019 4610 n.
1044 4559 1086 4612 23.
1106 4571 1132 4614 et

311 4645 381 4697 seqq.
398 4629 444 4698 qui
463 4631 544 4682 etiam
570 4630 715 4698 plurimum
741 4651 835 4700 operae
861 4637 1004 4707 insumpsit
1030 4641 1130 4696 ibidem

310 4711 526 4764 dissentientium
546 4716 679 4772 sententiis
700 4715 865 4771 satisfacere:
884 4739 927 4775 me
944 4736 1029 4778 tomen
1047 4725 1131 4782 fustus

311 4797 354 4848 hic
373 4797 481 4860 serasri,
504 4809 527 4850 et
550 4798 655 4852 chartae
673 4810 697 4852 et
719 4804 845 4870 temporis
864 4808 982 4874 angustia
1001 4810 1111 4866 detinet.

346 4889 367 4944 ς.
388 4883 414 4934 3.
440 4881 580 4952 Quomodo
604 4901 724 4939 uersurae
749 4887 841 4940 modus
869 4890 922 4952 sit,
950 4891 1131 4950 demonstrare

311 4966 460 5034 nentiquam
480 4975 518 5018 est
538 4962 670 5031 difficile,
691 4967 752 5020 dum
771 4971 879 5024 omniuo
899 4975 966 5027 lueri
987 4980 1070 5043 gratia
1089 4980 1130 5032 iu·
1160 5036 1162 5040 ,

312 5060 351 5102 ter
372 5063 526 5104 mercatores
545 5051 593 5105 hoc
612 5053 690 5106 ruodo
706 5055 815 5122 pecunie
830 5056 950 5124 uertitur,
965 5061 1073 5130 quiquid
1087 5083 1130 5117 au.

311 5145 362 5186 tent
376 5133 444 5187 inter
463 5145 618 5188 mercatores
636 5133 702 5187 lucri
720 5136 804 5204 gratia
823 5157 869 5205 per
886 5152 1035 5196 contractus
1053 5149 1129 5199 aurti-

311 5225 367 5279 tnr,
387 5231 506 5270 versurae
524 5235 619 5270 nornen
639 5217 689 5269 hoo
710 5217 786 5270 ruodo
805 5222 910 5281 mereri,
924 5239 1000 5292 supra
1014 5225 1128 5280 adstrue·

1178 2805 1396 2857 assecurationem
1413 2801 1587 2859 includereme
1602 2799 1679 2865 rotgo
1691 2799 1764 2850 enim
1779 2801 1997 2853 aasmurationenr

1178 2889 1205 2938 in
1224 2887 1287 2938 istas
1304 2887 1404 2954 species
1423 2885 1592 2952 dispescunt,
1605 2899 1715 2950 quarum
1734 2881 1807 2934 iilam
1819 2917 1826 2946 ,
1839 2899 1906 2950 qnae
1918 2885 1996 2937 rebus

1177 2980 1258 3033 terra,
1273 2969 1379 3022 hanuet
1393 2985 1438 3022 nsu
1453 2965 1677 3034 treqnemtoreu,
1697 2981 1763 3030 qnae
1784 2965 1849 3016 utari
1872 2967 1998 3018 vehendis

1178 3051 1307 3104 inseruire
1325 3054 1405 3116 solet,
1423 3049 1560 3119 appellunt.
1579 3049 1608 3099 A
1622 3045 1719 3116 pentir
1731 3063 1793 3098 aero
1813 3059 1887 3100 certo
1908 3053 1997 3117 pretio

1177 3133 1326 3186 aestimatis
1344 3131 1402 3184 iden
1413 3130 1619 3199 dicebam,quod
1634 3145 1731 3182 merces
1744 3129 1931 3183 assecurandae
1945 3148 1998 3184 non

1178 3227 1239 3268 sunt
1255 3218 1332 3270 unius
1346 3216 1475 3280 modi,et
1499 3231 1553 3266 nou
1578 3213 1719 3266 sectantium
1738 3213 1838 3267 laterum
1863 3225 1997 3284 spesstntn

1178 3303 1216 3354 rel
1228 3303 1280 3354 atio
1291 3311 1462 3370 augumento,
1481 3297 1531 3371 aed,
1547 3313 1579 3348 ex
1599 3297 1733 3348 communi
1752 3297 1851 3362 salure,
1872 3307 1898 3350 et
1911 3298 1998 3368 primo

1180 3396 1306 3451 mereatu,
1319 3387 1370 3439 den
1388 3392 1493 3437 ueratro
1514 3383 1635 3454 Iuioop,
1653 3381 1835 3447 aestimandae,
1846 3385 1915 3452 quod
1929 3403 1942 3436 a
1956 3403 1998 3439 ue-

1179 3471 1251 3522 ruiue
1274 3469 1326 3521 nisi
1349 3467 1455 3538 peritis,
1478 3475 1501 3518 et
1516 3481 1604 3520 coram
1624 3465 1726 3518 notario
1749 3475 1775 3518 et
1799 3468 1998 3530 restituturum

1180 3553 1331 3622 Marquard.
1350 3552 1383 3604 de
1397 3551 1420 3620 1‘.
1433 3569 1468 3603 nt.
1482 3550 1528 3604 ttt.
1552 3551 1577 3602 2.
1602 3567 1626 3604 c.
1652 3552 1696 3602 tu.
1720 3569 1746 3602 rr.
1766 3550 1810 3605 dl.
1835 3547 1893 3604 fieri
1913 3564 1999 3622 potest

1178 3638 1358 3690 commodius:
1372 3637 1409 3688 its
1424 3643 1527 3702 tamen,
1546 3638 1570 3688 si
1591 3635 1672 3688 iidem
1691 3640 1743 3691 sel.
1761 3636 1937 3690 simulationis
1954 3651 1999 3693 aut

1179 3718 1332 3771 collusionis
1340 3717 1535 3784 manaincsntur,
1548 3721 1663 3786 praecise
1676 3718 1726 3772 ists
1738 3721 1917 3774 aestimatione
1929 3733 1998 3776 stan·

1179 3801 1240 3852 dum
1256 3802 1370 3863 nonsit,
1384 3799 1427 3851 sed
1447 3816 1492 3868 per
1505 3800 1643 3854 arbitrium
1661 3801 1783 3867 aliorum,
1795 3803 1826 3855 sd
1838 3807 1935 3870 justum
1955 3826 1996 3858 ra-

1179 3887 1259 3938 torem
1279 3882 1413 3940 reducatur
1433 3885 1555 3952 pretium,
1574 3882 1670 3952 dequo
1682 3883 1766 3937 uideri
1790 3897 1871 3954 potest
1888 3889 1996 3942 orriioa-

1183 3970 1219 4022 tio
1238 3971 1307 4036 regis
1328 3966 1448 4036 l’tsitippi
1467 3968 1576 4019 ort.11.
1595 3977 1621 4020 et
1640 3967 1720 4020 idei
1734 3966 1996 4044 bmstetodamensia,

1178 4071 1254 4126 quam
1267 4051 1433 4122 potissimum
1446 4049 1591 4119 approbant
1603 4061 1718 4105 caeterae
1733 4051 1864 4106 ciuitates.

1217 4144 1238 4200 ς.
1257 4137 1282 4187 ii.
1306 4136 1376 4188 Tuto
1394 4131 1591 4202 tronafirends's
1609 4133 1672 4186 inde
1696 4134 1798 4187 mentio
1814 4133 1898 4202 laeta,
1927 4157 1991 4206 quo·

1182 4223 1251 4274 niam
1270 4219 1305 4273 oh
1324 4219 1470 4289 periculum
1490 4224 1637 4287 susceptum
1647 4256 1655 4281 ,
1665 4225 1693 4270 et
1706 4214 1738 4268 ab
1751 4217 1831 4269 alters
1850 4228 1924 4288 parte
1935 4239 1996 4290 pro·

1181 4304 1290 4358 missum
1309 4299 1476 4374 praemium,
1495 4299 1582 4352 omnis
1601 4298 1677 4368 hujus
1701 4307 1847 4353 contractos
1879 4302 1916 4355 sis
1947 4314 1996 4359 est.

1183 4387 1296 4440 Pericnli
1314 4401 1375 4436 aero
1394 4385 1501 4436 nornine
1517 4382 1567 4436 hoo
1584 4383 1641 4434 loon
1666 4383 1820 4450 regulariter
1844 4399 1917 4438 maus
1943 4387 1996 4442 lor.

1184 4469 1245 4522 tuiti
1264 4468 1463 4534 intelliguntur,
1483 4475 1508 4518 et
1532 4464 1599 4532 quod
1624 4481 1699 4518 erra
1726 4466 1851 4520 mercium
1883 4470 1995 4540 sitium,

1181 4555 1220 4608 rel
1238 4551 1379 4606 assecurati
1397 4553 1501 4619 culpam
1519 4546 1641 4614 contigit:
1661 4549 1683 4599 si
1702 4551 1773 4602 enim
1788 4549 1880 4604 horum
1893 4555 1996 4625 aliquid

1181 4635 1323 4699 reciderit,
1340 4643 1497 4686 assecurutor
1514 4649 1544 4684 eo
1562 4648 1614 4684 non
1633 4640 1754 4694 teneturr
1771 4633 1858 4702 qualis
1876 4641 1994 4709 exempta

1181 4731 1207 4772 et
1225 4719 1287 4771 inde
1306 4721 1346 4784 ius
1364 4727 1478 4769 recenset
1499 4713 1649 4784 Marquard.
1667 4715 1700 4770 de
1710 4715 1769 4787 jur.
1787 4735 1867 4772 mere.
1895 4719 1944 4773 tte.
1969 4723 1995 4775 2.

1181 4803 1264 4858 c.1³.
1289 4820 1316 4854 n·
1344 4801 1387 4852 att.
1412 4815 1502 4852 aerum
1521 4814 1550 4850 ea
1569 4797 1647 4852 hodie
1665 4809 1756 4853 cuncta
1774 4815 1808 4853 ex
1826 4800 1995 4859 instrumenti

1182 4903 1258 4954 super
1276 4884 1472 4939 ariseuuratioue
1490 4878 1553 4935 lacti
1579 4882 1667 4936 uerbis
1696 4885 1866 4936 aestimantur
1894 4889 1994 4955 tutius,

1180 4968 1323 5039 quomodo,
1343 4983 1474 5037 quousque
1493 4974 1520 5018 et
1539 4981 1586 5032 pro
1603 4963 1698 5033 quibus
1716 4963 1848 5018 mercibus
1866 4969 1926 5036 quis
1943 4989 1996 5024 ans·

1180 5054 1280 5122 ceperit
1300 5049 1454 5120 perieulum·
1471 5047 1679 5101 lustramentum
1694 5047 1764 5100 istud
1783 5063 1940 5106 mercatores
1953 5073 1994 5110 so·

1179 5137 1260 5188 temni
1276 5151 1335 5188 soce
1353 5149 1385 5188 ea
1406 5133 1532 5186 idiomate
1550 5129 1639 5184 itatiuo
1652 5130 1747 5200 petteae
1764 5147 1808 5185 seu
1823 5133 1911 5202 potios
1929 5154 1996 5192 nun.

1180 5228 1291 5287 cupaot,
1308 5217 1383 5286 quasi
1401 5231 1434 5268 ex
1454 5215 1505 5266 isto
1523 5228 1568 5266 oen
1586 5211 1643 5266 husi
1660 5215 1795 5286 ambiguae
1813 5219 1937 5288 cujusque
1955 5225 1994 5278 rei

310 5298 378 5348 bam.
399 5297 609 5366 Descriptionem
630 5300 715 5368 ipsius
734 5301 781 5354 iaoc
804 5301 987 5362 rnodorii'eroe
1006 5309 1130 5377 quod'ffl
1181 5299 1291 5370 penatest
1309 5299 1426 5351 decisio:
1445 5296 1570 5367 requisitu
1589 5300 1644 5364 ejus
1670 5299 1732 5352 baec
1760 5301 1914 5371 plerumque
1942 5322 1991 5358 nn-

307 5391 451 5432 contractus
469 5382 657 5451 iurisgeutium
679 5386 859 5440 consensualis
873 5389 905 5442 de
918 5392 1046 5445 mercihua
1059 5406 1131 5449 certo
1181 5394 1327 5436 m0t²⁰¹⁰f²
1338 5386 1363 5434 ¹·
1377 5382 1482 5436 ¹¹⁰mi¹¹¹
1503 5383 1714 5448 ⁸⁹⁸⁸⁰⁸¹i⁰⁰li⁰ms
1734 5383 1760 5436 ²·
1777 5397 1992 5441 ”minutim

309 5461 1131 5534 pretiosperitisrelipsiscontrahentibusaestimatistutoali-
1182 5469 1206 5518 3.
1226 5467 1352 5520 mercium
1371 5465 1575 5535 descriptionem
1596 5482 1673 5535 super
1704 5467 1799 5537 quibus
1831 5471 1991 5523 ermenratio

310 5542 713 5619 nndeproconstrtutopraemiu
730 5549 1130 5628 construentiuturtsgeotion
1182 5549 1221 5608 fit·
1239 5553 1263 5605 ⁴·
1291 5563 1391 5621 tempus
1420 5549 1509 5618 initii,
1526 5550 1770 5605 ²⁸⁸¹⁸0⁰¹¹¹¹¹l⁰⁰i⁸
1789 5545 1883 5605 flniu‘
1904 5551 1928 5604 3·
1949 5569 1994 5608 ⁰⁰·
