4460 6208
294 357 347 414 m
368 367 369 370 ,

233 455 349 520 molem,
367 455 408 510 sel
426 453 497 512 eliud
515 471 607 526 geues,
624 471 765 518 murmure,
778 451 915 524 plumbum
929 463 981 506 ete.
993 467 1058 505 eou-

235 537 327 600 tulere,
343 541 414 608 quod
432 541 568 609 posterius
588 547 675 590 tsmeu
693 553 746 588 uon
766 545 818 588 tem
836 551 879 588 ses
893 533 1059 598 collatitiurn,

230 637 309 691 quoto
319 621 442 677 eolletusu
461 621 623 694 simpliciter
640 619 733 674 disere
750 617 884 672 Murtielis
902 617 933 670 in
959 615 1058 686 Tongi-

238 703 514 762 bmunss·

288 839 425 892 Collatum
437 846 477 891 est
489 833 550 894 deci
552 855 587 899 es,
604 854 672 908 rogo
686 853 744 890 non
754 845 829 904 potes
840 833 896 904 ipse
908 831 992 888 uideri

319 921 476 976 Incendisse
486 932 498 974 t
508 939 573 976 num
590 919 755 990 Tongilium
767 920 888 972 domm

232 1005 264 1060 lit
280 1007 415 1062 iuvenalis
426 1007 430 1016 ’

285 1079 373 1143 Ardel
384 1073 480 1156 adbuc,
493 1100 519 1144 ct
532 1088 596 1158 jum
609 1085 728 1144 occurrit
739 1087 789 1160 qui
799 1100 941 1140 semmuro
954 1083 1045 1140 donet.

289 1171 423 1244 Corfirut
433 1173 570 1242 impetunt
582 1192 590 1226 s

231 1315 332 1372 Verum
350 1311 402 1367 boc
416 1329 469 1367 uon
489 1321 542 1366 lem
562 1313 593 1366 el
615 1327 738 1368 csrsnnte
752 1309 868 1377 modum,
881 1327 959 1382 quem
971 1307 1055 1361 Gree-

667 355 717 412 nlt
733 355 856 418 stulto,
874 355 950 426 Quo
966 351 1167 413 insuunt!
1186 351 1424 408 rosunutonts
1442 365 1504 414 erc.

1108 465 1200 502 eorum
1219 447 1336 521 ἔρανον,
1356 448 1395 500 ibi
1415 452 1487 504 enim
1515 459 1616 522 specte,
1642 452 1665 508 si
1690 453 1813 532 indigens
1834 467 1933 534 nollet,

1107 533 1140 584 ed
1161 538 1268 588 stoicos
1286 537 1318 588 sd
1337 535 1527 606 oosrogsudusu
1546 535 1641 610 ἔρανον
1658 540 1829 613 eblegsbeut,
1854 561 1879 604 et
1894 553 1934 606 sle

1107 633 1141 670 cx
1160 628 1264 689 recepto
1282 619 1368 675 Ersuo
1386 639 1522 676 sertorum
1540 623 1681 692 ieclebsut,
1695 631 1735 682 rel
1747 647 1865 690 nasute
1881 635 1933 687 sol·

1108 698 1213 754 rebeus.
1232 701 1309 756 Unde
1327 703 1376 756 boc
1395 706 1582 775 compendium
1603 709 1754 778 bebebent,
1773 725 1802 767 ut
1826 715 1933 770 demum

1108 795 1163 838 tntu
1183 786 1322 841 redderent
1342 790 1453 854 smieis,
1471 809 1531 843 curn
1551 805 1672 861 pusseut;
1692 811 1739 848 uec
1758 799 1932 854 molestaren-

1108 881 1149 923 tur
1167 891 1180 923 e
1201 887 1304 924 moroso
1321 874 1464 937 creditore,
1482 877 1550 943 quod
1570 877 1642 928 bisce
1654 877 1743 932 serbis
1754 883 1865 950 exponit
1878 885 1933 940 Sul·

1106 957 1203 1008 mosius
1221 957 1246 1010 d.
1265 957 1283 1006 l.
1300 973 1329 1022 p.
1347 975 1384 1008 nr.
1404 957 1454 1009 ld:
1473 957 1542 1029 quid
1557 975 1600 1012 res
1626 977 1729 1032 pueeso
1752 965 1878 1034 jurasset
1900 968 1932 1018 il·

1106 1039 1162 1092 lum
1180 1056 1245 1092 nere
1263 1038 1354 1094 alieno
1371 1041 1500 1095 obrutum
1519 1041 1602 1093 umtci
1618 1044 1688 1110 stipe
1709 1046 1845 1101 collatitio
1865 1049 1929 1102 ttte·

1104 1131 1248 1186 reserant,
1273 1121 1299 1172 si
1321 1121 1416 1175 eodem
1446 1124 1543 1188 modo,
1561 1141 1615 1192 quo
1633 1127 1809 1182 creditoribus
1834 1131 1933 1186 solitus

1104 1216 1174 1271 erut,
1188 1205 1348 1272 simpliciter
1368 1207 1463 1261 ummt's
1484 1208 1592 1262 solvere
1611 1219 1722 1266 conclus
1745 1223 1821 1267 esset.
1848 1215 1922 1284 Quid

1106 1301 1168 1347 eret
1181 1309 1286 1346 scrsnttt
1298 1291 1411 1357 soluere,
1423 1293 1449 1346 si
1457 1293 1509 1348 ltoo
1520 1311 1577 1347 non
1592 1295 1673 1349 erut?

911 1461 1160 1542 CAPUT
1207 1459 1252 1527 ll.

593 1646 651 1718 De
676 1650 776 1718 modo
799 1671 957 1720 tersurus
980 1644 1146 1746 quomodo
1169 1649 1389 1728 sumpserunt
1399 1637 1567 1730 foenore.

350 1815 354 1824 '
475 1813 811 1870 summurn

233 1982 347 2036 Versum
364 1977 500 2048 quomodo
520 1979 601 2034 etium
628 1981 679 2034 loe
703 1984 790 2049 cupite
813 1991 938 2034 suuntur
959 1980 1052 2034 remis-

268 2061 325 2115 sisse
343 2059 382 2116 ud
396 2062 503 2128 priore.
521 2061 609 2117 Aliud
622 2063 672 2116 sub
685 2079 768 2116 usuro
782 2067 896 2130 credere,
909 2062 1052 2133 uliudsoe·

269 2157 321 2198 stus
337 2160 472 2200 exercerc.
491 2149 607 2200 Vereuso
623 2148 730 2201 densum
757 2159 810 2213 est,
837 2149 863 2200 si
887 2166 969 2216 opere
993 2151 1051 2219 ipso

270 2229 328 2282 ueri
343 2229 432 2282 alieno
451 2231 587 2284 soluendo
606 2231 778 2296 impendatur
794 2241 925 2284 mutuum.
939 2233 1053 2284 Versum

267 2311 371 2364 soluere
387 2321 412 2364 et
429 2331 559 2366 sessurum
569 2314 671 2382 fucere
690 2317 739 2368 bue
752 2316 908 2382 deceptione
919 2316 991 2370 idern
1005 2326 1051 2370 est.

271 2401 377 2451 Usnrue
391 2397 543 2466 descriptio.
562 2399 700 2452 Foenoris
719 2399 872 2470 descriptio.
886 2399 1002 2462 lustitia
1022 2419 1051 2453 n·

265 2496 346 2536 surae
362 2499 413 2546 pro
431 2497 490 2536 usu.
512 2483 640 2536 Fundam
656 2483 769 2548 pecunie
789 2485 854 2554 quid
870 2485 913 2537 sit.
931 2483 1055 2538 Romani

267 2582 407 2636 nunqnam
424 2583 525 2621 usurus
549 2569 734 2622 damnavere.
760 2571 816 2623 Nee
829 2567 1050 2635 Jbenerntores,

266 2649 314 2700 sed
331 2650 476 2721 improbos.
495 2652 605 2704 Asserti
621 2653 752 2706 rationes.
777 2653 841 2704 Ceto
867 2673 923 2706 non
950 2655 1049 2720 impro-

269 2731 339 2784 duuit
351 2731 454 2798 fhenus
472 2733 635 2805 simpliciter,
660 2735 756 2788 Otnnis
781 2736 943 2792 inhonestus
966 2756 1049 2809 quoe-

265 2825 322 2868 ttus
339 2835 394 2868 uon
413 2834 519 2888 semper
541 2819 724 2874 eliminandus
740 2839 757 2873 e
780 2820 924 2891 republica.
947 2825 1051 2876 Ueterue

261 2903 329 2974 jure
341 2897 441 2964 diuino,
453 2919 502 2954 nce
515 2905 608 2966 veteri,
629 2921 676 2956 nee
690 2923 717 2956 n.
740 2915 797 2958 test.
804 2904 890 2975 suere
899 2909 1052 2971 probibitoe

266 2986 428 3056 simpliciter.
446 2987 620 3040 Interdictum
628 2985 736 3055 ‚sirenus
748 2988 777 3042 t'n
796 3008 820 3043 ts.
839 3001 857 3042 t.
866 2991 994 3058 fratrum
1007 3009 1048 3045 re·

267 3077 363 3140 spectu,
381 3085 510 3136 pauperes
529 3087 613 3140 ueqtte
631 3073 782 3136 concernit,
794 3091 874 3140 quum
895 3075 975 3138 ulios,
995 3078 1051 3128 As·

267 3155 332 3208 serti
347 3156 430 3209 tutio·
447 3155 572 3210 Obristus
589 3157 620 3206 in
639 3173 666 3206 n.
685 3165 703 3208 t.
721 3155 881 3221 simpliciter
892 3175 949 3208 non
960 3157 1049 3229 proiti-

270 3239 328 3294 tute
353 3255 457 3294 usurus.
482 3241 646 3295 Comutunio
673 3241 745 3294 inter
766 3243 868 3309 primos
893 3244 1054 3296 obnitt'unoe

266 3328 355 3380 solium
373 3325 401 3376 in
422 3326 530 3378 ecclesio
548 3326 793 3394 hierosolymitano
806 3329 833 3379 in
850 3345 898 3380 usu
906 3329 976 3398 fuit.
991 3332 1049 3382 Ces·

267 3405 385 3476 sicquid
401 3411 443 3460 sit.
458 3411 568 3461 dumne
582 3407 675 3460 tnodus
686 3425 818 3464 versurae.
834 3411 936 3463 Sensus
950 3415 966 3463 Ι.
985 3415 1010 3465 ll.
1029 3431 1051 3465 c.

267 3493 290 3546 si
301 3501 365 3544 cert.
380 3499 434 3560 pet.
448 3495 604 3546 Intellectus
618 3494 634 3545 l.
649 3491 774 3546 31111.
792 3509 812 3546 s.
833 3513 858 3546 e.
882 3496 993 3549 Debitor
1009 3498 1052 3551 die

265 3585 370 3628 stutnto
384 3591 441 3627 non
455 3577 577 3638 solvens,
592 3577 654 3629 lieet
667 3595 725 3630 non
738 3577 938 3646 interpellatus,
958 3599 1053 3636 usurus

267 3658 350 3711 delet.
374 3659 469 3714 Voles.
484 3659 501 3710 l.
516 3659 559 3709 23.
572 3679 596 3710 c.
608 3659 640 3710 de
651 3676 689 3713 ss.
704 3662 794 3713 eccles.

234 3821 259 3893 5.
280 3828 305 3876 1.
323 3759 491 3879 Neretum
510 3843 583 3894 egeus
598 3867 605 3892 ,
623 3843 733 3881 oersuru
751 3829 881 3898 quomodo
900 3828 943 3883 bic
970 3841 1052 3887 mule·

232 3907 331 3960 tionem
353 3907 497 3962 creditoris
516 3907 633 3974 denotet,
652 3920 679 3962 et
697 3929 827 3964 versurum
853 3912 936 3966 lucere
964 3915 1050 3982 idem,

230 3993 299 4061 qnod
319 4009 378 4046 sere
396 3993 486 4047 elieno
501 4009 546 4045 ees
563 3995 680 4046 alienum
702 3997 800 4049 solvere
819 4015 850 4049 cx
865 3999 947 4069 priori
963 4009 1050 4069 perte,

231 4085 258 4128 el
276 4077 351 4143 buius
370 4077 522 4145 posterioris
540 4093 595 4146 cup.
618 4081 643 4130 1.
664 4081 801 4146 petendum
821 4083 887 4145 erit,
914 4083 982 4150 quod
1002 4100 1052 4136 nce

231 4156 338 4213 doctiss.
357 4161 515 4221 Salmasius,
532 4161 578 4230 qui
603 4161 667 4214 elios
687 4179 824 4218 uersurum
845 4183 892 4234 pro
911 4167 970 4235 ipso
995 4187 1049 4221 rou·

232 4251 278 4294 tuo
297 4255 376 4310 urget.
396 4243 443 4297 ivit
464 4241 577 4296 luticios.
596 4247 633 4296 lte
653 4246 711 4314 ipse
728 4247 761 4299 de
779 4264 851 4302 usur.
873 4267 901 4320 p.
919 4251 963 4303 li.
981 4254 1054 4322 Quid

235 4334 295 4378 erut
312 4341 415 4377 versure
434 4327 559 4390 soluere.
577 4331 604 4380 ss'
626 4330 678 4380 leue
702 4348 759 4382 non
783 4333 862 4384 erut?
888 4335 956 4387 Turn
976 4340 1050 4390 enirn

233 4409 352 4462 creditor
371 4409 524 4466 mntubutur
543 4423 568 4465 et
584 4423 689 4482 sumptu
716 4413 750 4465 ub
777 4414 833 4468 ulio
856 4419 972 4484 pseustin
996 4437 1051 4476 ntu-

231 4507 280 4550 tua
299 4495 369 4547 nlitss
386 4497 554 4552 absolvetur.
573 4499 651 4551 Prior
678 4497 761 4566 inque
787 4499 881 4552 modus
904 4519 936 4554 ex
960 4515 1050 4556 mutuo

229 4591 293 4642 eret,
310 4596 369 4632 cum
389 4579 421 4633 sb
439 4582 531 4634 euticis
549 4580 580 4635 etl
599 4583 753 4635 vertendum
773 4581 927 4636 creditorem
947 4603 1039 4656 recepe

231 4677 271 4716 rot
291 4663 404 4728 debitus,
424 4665 565 4718 secundnm
586 4665 657 4716 istud
676 4667 794 4719 Terentii
813 4665 840 4720 in
861 4669 1050 4726 Phormione:

1106 1817 1170 1860 tum.
1189 1801 1218 1855 Si
1238 1801 1329 1854 Titius
1348 1819 1378 1854 eo
1398 1802 1509 1856 numine
1525 1802 1633 1874 quidem
1648 1822 1661 1857 e
1676 1804 1815 1870 mensurio,
1828 1808 1866 1860 rel
1881 1809 1935 1864 elio

1105 1889 1268 1944 foeneratore
1286 1887 1314 1938 iu
1334 1885 1428 1939 iocnus
1447 1889 1581 1956 sumebat,
1593 1899 1623 1941 ut
1642 1899 1754 1944 uerteret
1773 1891 1933 1949 creditorem

1105 1987 1255 2033 morosum,
1281 1985 1361 2039 opere
1382 1969 1440 2040 ipso
1470 1981 1557 2024 eutem
1584 1991 1636 2026 non
1663 1973 1793 2044 impendit
1815 1993 1863 2040 eo,
1890 1979 1936 2033 sed

1102 2057 1227 2122 eliuude,
1247 2072 1347 2107 numus
1367 2071 1489 2110 versura
1508 2059 1577 2110 diets
1597 2062 1745 2130 receptione
1764 2059 1835 2114 erit?
1853 2065 1937 2116 111111-

1104 2159 1154 2206 me,
1174 2157 1232 2192 cum
1252 2139 1312 2192 ideo
1331 2157 1447 2194 sessuro
1467 2139 1531 2195 iectu
1551 2142 1665 2208 dicetur,
1683 2144 1752 2213 qnod
1772 2161 1804 2196 ex
1824 2149 1935 2216 pecunie

1104 2237 1192 2277 snutuo
1210 2231 1315 2292 sumpts
1336 2223 1514 2278 absolvendus
1533 2225 1569 2278 sit
1588 2228 1663 2296 prior
1680 2229 1802 2282 creditor.
1816 2231 1870 2285 Nee
1890 2233 1934 2286 bic

1102 2309 1172 2362 eliud
1191 2324 1301 2362 uersum
1321 2309 1436 2373 soluere,
1457 2327 1533 2380 quem
1555 2327 1695 2366 uersurum
1716 2311 1801 2366 iecere
1817 2325 1869 2380 est,
1895 2319 1935 2370 lo·

1103 2394 1166 2448 tinio
1182 2393 1281 2461 quippe
1299 2391 1421 2461 loquendi
1443 2411 1504 2447 usus
1522 2393 1666 2448 iemiliuris
1678 2407 1764 2461 extet,
1779 2396 1865 2450 iecere
1878 2418 1936 2454 rer-

1103 2479 1179 2538 bum,
1201 2493 1306 2529 sutncre
1326 2492 1372 2544 pru
1390 2493 1537 2531 exercere:
1563 2479 1602 2532 nti
1631 2481 1808 2550 argenteriem
1827 2481 1932 2552 lucere,

1101 2560 1292 2629 qusestnorium
1313 2559 1397 2614 lucere
1415 2571 1466 2615 eto.
1486 2565 1590 2634 saepius
1610 2565 1781 2631 slleebs'utur,
1796 2568 1840 2636 qni
1855 2566 1883 2621 id
1895 2587 1935 2638 ge·

1103 2659 1150 2695 nus
1164 2642 1329 2706 exercebunt,
1344 2645 1382 2695 sie
1394 2661 1536 2699 uersurum
1554 2646 1653 2712 lucere,
1667 2648 1712 2717 qui
1723 2650 1797 2704 istem
1811 2651 1935 2705 mutatio-

1102 2745 1160 2778 uem
1175 2728 1321 2792 exercebat,
1336 2731 1375 2781 vel
1388 2743 1504 2784 versrtru
1518 2731 1644 2784 solvebat.

1136 2811 1159 2876 §.
1179 2812 1203 2860 2.
1224 2811 1376 2881 Descriptio
1396 2813 1535 2885 utriusque
1554 2832 1587 2868 eu
1608 2814 1690 2869 dictis
1708 2817 1786 2872 iecile
1809 2828 1859 2885 este
1876 2837 1934 2874 usu·

1102 2913 1159 2950 see:
1179 2896 1248 2967 quod
1267 2897 1303 2948 sit
1322 2913 1425 2952 merces
1445 2917 1494 2968 pro
1514 2916 1562 2952 usu
1582 2901 1621 2953 rei
1653 2915 1741 2955 mutuo
1770 2903 1860 2968 detes,
1881 2907 1935 2960 sire

1101 2997 1133 3032 ex
1152 2983 1288 3048 stipulatu,
1308 2985 1364 3037 sire
1383 2985 1434 3036 elie
1455 2984 1630 3038 consentione
1654 2985 1791 3052 debentur,
1806 3000 1935 3058 praesten-

1101 3061 1142 3115 ‹ls.
1163 3065 1239 3117 Unde
1257 3083 1346 3118 usurus
1365 3083 1456 3119 omues
1484 3071 1698 3138 compensetises
1728 3072 1806 3124 multi
1831 3073 1938 3128 volunt.

1106 3144 1233 3201 Foenoris
1253 3165 1328 3203 sero:
1346 3150 1415 3216 quod
1434 3151 1470 3202 sit
1497 3153 1581 3204 mutui
1608 3153 1679 3206 detio
1704 3170 1763 3205 curu
1797 3171 1934 3208 usurernm

1103 3231 1274 3296 stipulatione
1296 3232 1471 3299 legitimnum
1490 3248 1523 3282 eu
1543 3234 1660 3288 creditne
1691 3236 1729 3287 rei
1755 3238 1882 3305 quslitute
1907 3247 1935 3291 cl

1101 3317 1309 3369 coutrebentium
1323 3317 1479 3384 quontitate.
1506 3317 1549 3368 De
1566 3335 1660 3371 usurus
1678 3337 1726 3387 pro
1750 3337 1797 3373 usn
1815 3323 1936 3390 iustitie,

1102 3399 1238 3467 operosius
1256 3415 1309 3451 nou
1328 3401 1556 3466 agamennico
1585 3399 1642 3454 uou'
1668 3403 1796 3455 minorem
1821 3407 1937 3475 sequite-

1101 3493 1152 3534 tem
1173 3481 1266 3544 babet,
1285 3499 1363 3550 quem
1383 3499 1481 3535 enerues
1507 3500 1540 3535 ex
1565 3501 1625 3554 egro
1650 3504 1697 3556 pro
1724 3488 1852 3555 cultum
1876 3492 1936 3560 quis

1102 3566 1173 3618 enim
1193 3581 1306 3634 nuquam
1328 3583 1370 3618 me
1387 3565 1498 3619 ustureli
1526 3567 1602 3620 etiem
1623 3570 1726 3623 cutione
1754 3571 1890 3640 adigeret,
1910 3587 1936 3630 ut

1104 3649 1199 3702 domno
1219 3667 1292 3715 mco,
1310 3651 1355 3719 qni
1376 3651 1486 3720 pecunie
1511 3669 1567 3706 rues
1587 3663 1704 3708 uteretur
1724 3657 1797 3710 elias
1822 3675 1935 3715 commo·

1103 3733 1143 3797 de,
1162 3735 1229 3787 e'lter
1248 3735 1427 3804 lontpletetum
1446 3737 1499 3788 uisi
1518 3747 1612 3807 sponte
1637 3739 1719 3793 elicui
1750 3747 1935 3801 concesserim

1100 3817 1223 3887 grutuitm
1244 3819 1291 3868 buc
1310 3818 1382 3869 enirn
1401 3823 1504 3871 retloue
1522 3821 1620 3890 ubique
1644 3835 1767 3877 mutuum
1785 3845 1829 3895 gru
1838 3829 1933 3886 tultum
1974 3845 1977 3854 '

1101 3911 1128 3955 cl
1145 3901 1240 3955 iocnus
1259 3902 1309 3954 sibi
1329 3912 1506 3972 opponuntur.
1528 3903 1605 3976 Apud
1625 3906 1779 3961 Suetonium
1816 3913 1845 3965 in
1864 3916 1936 3971 iulio

1102 4001 1202 4038 mesore
1220 3987 1345 4038 omnibns
1363 3988 1479 4058 gestuitu
1497 3997 1541 4040 eut
1566 3990 1616 4042 lesi
1644 3989 1756 4045 iocuors
1781 3996 1935 4053 obstrictis.

1103 4069 1263 4139 nequitatem
1285 4071 1350 4122 bunc
1369 4081 1482 4122 sectetur
1499 4073 1574 4124 tetus
1593 4073 1620 4123 in
1640 4073 1658 4124 l.
1688 4077 1715 4126 7.
1728 4074 1770 4142 ff.
1800 4079 1833 4131 de
1859 4097 1934 4136 usur.

1104 4154 1183 4221 Qttod
1199 4153 1224 4205 si
1238 4165 1331 4219 posteo
1353 4165 1509 4215 conuentus,
1528 4158 1706 4222 assultores,
1726 4177 1833 4214 snorum
1855 4162 1934 4232 fiee-

1101 4237 1144 4300 rit,
1162 4234 1269 4292 ¹nuuttni
1283 4237 1387 4289 steriles
1404 4255 1435 4288 eo
1454 4247 1574 4303 ternpore
1599 4258 1655 4292 non
1683 4254 1778 4295 erunt.
1807 4244 1932 4302 Estndem

1103 4322 1208 4392 penitus
1235 4325 1365 4373 retloueut
1385 4321 1468 4372 iuuere
1496 4335 1624 4389 euguror,
1658 4325 1727 4392 quod
1756 4337 1856 4382 soteres
1884 4332 1933 4385 boo

1103 4407 1182 4460 ruodo
1207 4409 1292 4460 locere
1317 4423 1419 4478 quoque
1448 4407 1583 4476 pecuniam
1613 4405 1754 4474 dixerint,
1780 4417 1853 4481 qussi
1885 4421 1931 4486 qsti

1101 4492 1245 4559 sumpserit
1264 4502 1371 4551 mutuo,
1389 4491 1470 4544 rclnll
1489 4490 1630 4544 eonduclor
1668 4510 1717 4563 pto
1742 4513 1789 4548 usn
1810 4505 1934 4568 pecnniee

1101 4578 1187 4628 sotsu.
1208 4577 1272 4627 ltetn
1293 4576 1311 4628 l.
1331 4577 1374 4629 3³.
1388 4572 1424 4642 ff
1450 4577 1484 4630 de
1501 4592 1575 4631 tttur.
1602 4577 1713 4632 collutos
1739 4579 1865 4636 dicuntur
1891 4605 1933 4656 pe·

1103 4659 1202 4722 cuniae,
1221 4659 1344 4729 quemvis
1362 4659 1461 4728 duplici
1482 4676 1559 4713 sensu
1577 4663 1701 4716 collocet·
1719 4671 1827 4737 perronio
1850 4669 1931 4724 luerit

230 4749 334 4804 intereo
350 4748 433 4801 amtci
448 4747 639 4818 puodpulieiti
655 4761 735 4812 sunt,
761 4749 824 4804 iude
849 4753 975 4816 dubunt,
1002 4755 1052 4808 iste
1102 4745 1169 4813 '9⁰¹¹
1190 4751 1329 4808 ¹0¹⁰³¹¹⁰⁵ss
1348 4743 1452 4814 Ρῐῑθῐῑι
1474 4763 1540 4813 (1⁰⁶0
1558 4747 1933 4820 m⁰d⁰ll⁰l¹1⁸¹l²t⁰ttu2ndo

230 4831 338 4886 reddet.
358 4833 422 4886 Cum
442 4845 527 4884 mrtem
554 4851 567 4882 s
594 4831 776 4896 los-rterutore,
802 4833 914 4898 inenusg
940 4838 1050 4890 multum
1104 4825 1244 4879 rebusnon
1266 4826 1389 4894 perituris
1407 4827 1791 4897 impeuss‚selutiiniumlos,
1807 4835 1930 4904 iungens,

230 4919 302 4968 enim
321 4919 431 4970 interest
451 4917 499 4969 sub
520 4933 595 4968 neure
615 4917 695 4966 ulicsti
714 4917 821 4970 eredere
833 4929 859 4971 et
880 4917 970 4974 locutus
983 4939 1056 4976 exer·
1105 4913 1132 4963 5¹¹
1147 4912 1230 4963 ⁰²4⁸&
1246 4911 1353 4963 fl⁰l³¹5⁰
1369 4921 1446 4962 “⁵¹0²

228 5017 296 5065 uere,
310 5003 427 5070 primum
448 5003 520 5054 enim
539 5003 625 5054 emico
643 5001 735 5054 ulleetu
753 4999 793 5062 lit,
813 5004 919 5056 ultorum
940 5022 973 5057 ex
995 5025 1052 5060 con·
1156 4991 1689 5068 Conspiciturnitiu'issundutupeeunie
1703 4997 1787 5052 villit-

231 5087 367 5140 ssrctutline
384 5097 410 5138 et
428 5097 536 5155 qnscstn
554 5086 700 5147 urslinusio,
719 5086 752 5138 tle
768 5087 883 5154 quoium
896 5091 1052 5158 cepitepri.
1102 5080 1208 5132 Pleutus
1221 5082 1251 5130 in
1264 5076 1445 5132 mostellaria:
1469 5079 1679 5148 necquicquam
1702 5079 1811 5147 arpenti
1837 5080 1930 5135 locuni

177 5213 181 5222 ,
230 5169 355 5228 nimime
375 5187 452 5221 ntttrtt
470 5171 579 5222 omnino
598 5169 696 5238 duplex
714 5180 761 5231 est,
781 5177 817 5220 ut.
838 5171 861 5220 1.
882 5171 1052 5239 Simpliciter
1097 5165 1158 5234 p’om
1184 5163 1230 5216 din
1254 5179 1369 5232 “imm
1394 5180 1478 5230 “W
1499 5161 1573 5214 ⁶²⁶0·
1602 5163 1716 5214 R⁰¹¹²¹¹¹¹
1744 5178 1807 5226 11111·
1833 5163 1924 5216 f⁰²¹¹¹¹⁸

230 5269 280 5320 pro
299 5267 356 5313 usu,
374 5253 452 5302 sicuti
472 5265 576 5305 tecture
597 5269 643 5321 pru
671 5253 794 5306 rectione.
819 5252 843 5304 2.
873 5253 900 5305 lu
927 5253 1049 5320 ioessoee,
1101 5265 1253 5318 ntmqnsm,
1272 5247 1316 5298 sed
1335 5257 1416 5297 artem
1446 5245 1594 5308 damnarit,
1625 5243 1714 5296 eodem
1744 5247 1821 5295 ruodo
1846 5259 1925 5313 prout

229 5343 355 5401 quotenus
374 5332 392 5383 ii
412 5335 457 5402 qni
477 5336 612 5401 pecuniem
634 5353 706 5388 suum
727 5336 754 5388 in
775 5337 841 5388 elios
859 5351 921 5388 usus
936 5357 987 5391 nou
1000 5341 1050 5392 col·
1102 5333 1209 5386 Plinius
1227 5349 1282 5384 rem
1310 5331 1435 5382 suedicnm
1456 5345 1507 5380 non
1527 5329 1684 5390 domuerit,
1705 5327 1748 5378 sed
1769 5341 1859 5380 sortem,
1876 5329 1928 5384 Ne.

230 5420 333 5479 locent.
351 5437 427 5488 unum
448 5422 475 5470 in
495 5417 588 5474 inenus
607 5422 677 5474 idem
703 5437 824 5474 exercere
850 5421 952 5484 solent,
977 5427 1049 5478 unde
1100 5419 1197 5470 minem
1218 5417 1307 5486 susm
1325 5416 1441 5468 ttbl¹¹⁰l
1461 5429 1557 5481 Ι·ΜΙΙΜ
1575 5411 1755 5480 8111151ῙΜ,
1782 5429 1847 5480 ‘1¹¹³‘
1874 5415 1925 5482 pfl·

228 5513 299 5556 recte
319 5501 386 5554 mibi
406 5503 548 5557 Sulmusins
567 5521 669 5556 usurum
693 5506 719 5555 iu
746 5505 894 5574 simplicem
915 5520 963 5574 pto
986 5523 1048 5572 usn,
1099 5521 1139 5556 scs
1158 5521 1221 5573 gens
1240 5507 1268 5556 in
1287 5503 1423 5554 olnerstos
1441 5498 1583 5560 debiam,
1598 5495 1645 5546 bec
1659 5495 1786 5546 soluentes
1803 5498 1926 5550 uoluerit.

229 5599 252 5638 et
271 5586 422 5640 foenebrem
442 5586 561 5640 diuidere
579 5588 650 5638 siem
669 5599 715 5640 cst.
734 5589 835 5642 Foestus
853 5600 938 5641 entem
965 5607 1049 5660 neque
1102 5588 1179 5640 Sexto
1197 5585 1312 5639 Concilio
1329 5586 1391 5637 Jeto
1410 5581 1488 5633 modo
1505 5580 1576 5649 sputi
1594 5578 1921 5648 Agelliumtestimoniuro

232 5671 350 5738 probetis
368 5673 531 5732 auctoribus,
551 5689 633 5740 neque
652 5673 752 5738 legibus
770 5674 885 5726 comunis
906 5689 953 5742 pro
971 5691 1046 5727 usum
1098 5673 1281 5732 denunciebo.
1299 5672 1342 5740 qui
1363 5667 1555 5721 immunltstem
1580 5675 1702 5728 excuset,
1728 5665 1799 5716 bunc
1819 5663 1921 5730 fidem,

230 5753 359 5814 ioeuebri.
384 5756 436 5809 nisi
458 5755 567 5822 tropice.
586 5757 620 5809 uti
640 5765 713 5824 pust.
734 5757 759 5808 1.
777 5773 800 5810 e.
820 5759 845 5807 1.
864 5759 901 5808 tb.
922 5757 965 5810 to.
984 5751 1072 5831 sele-l
1095 5761 1199 5834 iuquit,
1217 5758 1333 5832 majores
1351 5751 1439 5810 nostri
1456 5750 1612 5888 ncnpnodo
1626 5749 1654 5804 in
1674 5749 1832 5822 officiorum
1842 5787 1852 5814 ,
1870 5751 1917 5804 sed

296 5886 298 5892 .
360 5840 460 5914 dtu-lii
481 5841 540 5894 tut.
560 5843 609 5895 ttt.
1498 5837 1514 5889 ³
