4460 6208
391 397 444 454 tsi
876 391 1066 449 ntsetttnr.
1083 391 1166 452 xitt.
1187 393 1290 451 rtur.
1310 394 1331 452 l.
1349 395 1425 454 clt’.
1444 393 1492 448 ttt.
1922 393 1977 448 idd

340 492 532 560 rebitur,dorn
553 511 583 546 es
601 513 665 564 quse
686 494 756 547 dixit
776 493 1147 565 simplicius,intelligerero
1210 494 1318 544 missum
1345 495 1501 556 exsolverit,
1525 490 1621 546 obstet.
1648 493 1728 548 Serus
1759 488 1921 551 sentientes,
1939 508 1987 546 nee
2012 491 2032 543 l.

336 577 418 630 luerit
434 587 598 647 comparate,
609 587 669 630 aute
683 595 818 632 numanum
841 595 876 630 sc.
896 593 948 629 uon
966 574 1002 627 ita
1022 573 1159 629 commode
1211 574 1234 626 li.
1253 570 1276 644 5
1290 576 1314 626 ³.
1326 592 1397 628 vars.
1409 575 1500 639 plone.
1513 575 1545 628 de
1557 575 1671 628 condiet.
1683 588 1766 628 cons.
1780 575 1834 626 dot.
1849 589 1907 626 non
1919 590 1970 627 rec.
1984 587 2032 624 uec

337 677 450 713 meroem
470 671 494 715 et
511 663 649 730 pretium,
668 672 815 733 emptorem
835 671 861 713 et
880 661 1041 715 eruditorem
1062 659 1159 712 distin·
1212 657 1232 711 i.
1252 658 1276 710 l.
1294 676 1318 711 c·
1335 657 1370 713 de
1386 676 1470 728 peren.
1488 677 1551 729 quus
1569 669 1662 727 urgent
1684 658 1821 727 quicquam
1840 653 1966 726 praesidii
1985 653 2032 707 ba·

337 744 381 812 gui
401 743 530 814 potuisse,
551 745 620 814 quod
646 764 679 798 ex
698 745 911 798 eutecedentibus
934 753 1038 813 epprret
1057 743 1159 795 serissi·
1211 743 1278 796 beot·
1299 743 1328 794 lu
1348 743 1432 814 priori
1446 743 1545 796 etenim
1565 741 1625 794 ideo
1643 738 1709 792 dena
1728 747 1845 808 repetere
1861 736 1951 788 drtnrn
1970 753 2031 807 pro·

340 839 413 876 tunm
424 845 431 878 r
444 836 470 878 et
489 827 576 897 ipsius
594 830 647 880 icti
670 845 744 882 meua
763 845 794 880 ex
812 839 935 882 contextu
950 827 997 878 boc
1009 825 1086 880 modo
1097 825 1160 880 dnm
1211 824 1332 890 hibetur,
1350 825 1419 896 quod
1437 825 1538 878 occasio
1556 823 1637 879 luerit
1655 841 1700 876 sna
1718 821 1805 888 datio,
1818 839 1872 893 qno
1885 822 1973 874 minos
1986 818 2029 871 di-

339 906 494 960 ennucirbat
519 911 588 962 ciree
622 910 787 980 principium
814 911 840 964 d.
864 911 882 962 l.
909 912 935 962 1.
959 908 1027 962 olim
1044 927 1103 962 non
1121 909 1160 964 ito
1211 917 1350 962 stracturos
1369 927 1470 962 aarum
1489 926 1558 962 nuuc
1577 907 1717 978 iogitisum
1738 905 1886 959 distrahere
1904 903 2031 976 potuerit.

339 999 400 1044 erut
418 1008 559 1056 nummus,
579 994 701 1061 colligere
719 995 782 1047 sutis
801 1004 848 1046 est.
1213 993 1244 1044 ln
1264 995 1343 1045 ultera
1358 1027 1365 1056 ,
1379 993 1448 1064 quod
1468 993 1541 1045 idem
1564 994 1631 1044 drus
1649 1006 1723 1062 egere
1741 989 1825 1060 possit
1840 988 1884 1043 sel
1903 986 2031 1058 presseri-

376 1076 399 1140 ς.
419 1075 445 1127 2.
466 1075 705 1142 Permutetiouern,
723 1096 773 1147 que
792 1093 916 1130 versurae
939 1076 1031 1130 modus
1049 1085 1105 1139 est,
1124 1075 1161 1126 ita
1214 1077 1268 1150 ptis
1293 1078 1396 1145 serbis,
1421 1079 1461 1133 rel
1484 1077 1669 1142 condictione,
1689 1088 1718 1129 ut
1740 1092 1782 1128 res
1805 1073 1864 1126 date
1889 1074 1917 1125 in
1942 1089 2031 1125 cssnm

341 1157 480 1213 deseribos
493 1160 561 1228 qtiod
581 1162 614 1212 sit
634 1172 782 1214 contractos
801 1160 1175 1228 innominatusirregularis,
1214 1159 1392 1230 poenitentire
1411 1162 1449 1212 rel
1469 1177 1523 1212 non
1542 1157 1680 1226 adimpleti
1698 1155 1822 1228 promissi
1834 1153 1956 1208 sbelters
1969 1167 2029 1222 par·

343 1258 395 1311 quo
413 1257 454 1294 res
473 1241 533 1294 ideo
552 1241 647 1308 datur,
667 1255 696 1298 ut
722 1247 788 1297 alter
807 1245 938 1314 aequalem
964 1243 1021 1308 det,
1039 1253 1067 1295 et
1084 1241 1164 1294 houe-
1215 1254 1258 1308 te,
1279 1246 1444 1298 restituatur.
1463 1244 1560 1298 Neutra
1584 1259 1619 1295 ne
1635 1257 1683 1312 gry
1700 1258 1733 1294 ex
1757 1257 1810 1309 quo
1828 1238 1957 1311 accipiens
1975 1255 2030 1292 non

342 1338 411 1376 atum
430 1325 531 1380 lucrum
551 1325 615 1380 iude
635 1331 662 1380 in
684 1339 878 1397 permutantem
904 1326 1041 1381 redundet.
1059 1325 1163 1379 Contra·
1212 1326 1407 1398 adimpleturus
1426 1329 1586 1399 promissum
1600 1341 1654 1379 rem
1674 1326 1760 1378 datsrn
1780 1333 1872 1395 sponte
1892 1322 2029 1376 restituen-

342 1418 413 1459 ctum
431 1424 490 1459 eoru
510 1409 702 1461 innominatum
721 1427 794 1473 esse,
807 1427 838 1462 es
859 1411 919 1462 istis
937 1407 1028 1474 iacile,
1040 1425 1105 1478 quse
1124 1425 1165 1460 sn·
1214 1413 1247 1467 do
1265 1413 1394 1466 sotionem
1416 1410 1588 1483 praescriptis
1605 1407 1693 1463 serbis
1716 1409 1807 1462 eriteri
1828 1405 1926 1478 possit,
1944 1405 2030 1457 conti·

340 1507 388 1560 pra
414 1507 551 1544 versurum
575 1504 731 1546 contemtum
758 1493 956 1546 innominatum
984 1509 1040 1543 ease
1072 1492 1162 1560 proha·
1214 1507 1267 1547 net·
1290 1497 1419 1551 Remsuet
1438 1496 1544 1565 itaque,
1563 1496 1646 1546 solum
1665 1491 1854 1548 dentemdicto
1873 1489 1949 1543 modo
1967 1506 2028 1560 pne·

343 1575 423 1638 baut,
445 1577 535 1644 colligi
556 1577 673 1645 poterit,
691 1587 718 1629 et
735 1587 953 1630 commentatores
972 1591 1063 1630 omues
1081 1574 1113 1628 ed
1130 1579 1162 1626 ti·
1214 1581 1298 1633 nitere
1315 1580 1412 1644 licere,
1433 1596 1513 1648 usque
1532 1579 1593 1630 ilum
1614 1579 1677 1631 slter
1695 1579 1773 1628 etiem
1792 1575 1897 1630 steterit
1916 1576 2029 1645 promta-

348 1657 427 1710 tulnm
449 1659 526 1711 istoru
546 1660 611 1711 setis
635 1661 811 1714 deduxerunt.
837 1663 1008 1728 irregularem
1028 1659 1162 1724 comborn,
1214 1681 1251 1718 so.
1269 1663 1288 1716 l.
1308 1667 1333 1717 3.
1353 1668 1378 1718 3.
1396 1672 1419 1728 ς.
1439 1665 1464 1716 d.
1485 1663 1735 1718 reconcinnatio.
1752 1658 1807 1714 das.
1827 1677 1883 1713 non
1898 1670 1977 1713 secut.
1998 1658 2029 1712 Si

343 1739 413 1808 quod
438 1757 452 1790 e
477 1741 586 1792 caeteris
612 1745 789 1796 contrectibus
808 1746 933 1798 nunuibil
958 1744 1073 1808 secedit,
1099 1744 1162 1796 dnm
1213 1759 1298 1801 autem
1328 1759 1421 1801 uenter
1441 1747 1572 1811 dedisset,
1591 1749 1682 1816 ntique
1706 1743 1856 1814 poeniteudi
1881 1744 1955 1798 locus
1973 1753 2030 1807 est,

344 1824 453 1876 nomine
470 1825 618 1894 specialiori
636 1829 730 1896 gaudet
747 1830 869 1892 certeris,
882 1829 1069 1900 monendoque
1087 1844 1161 1881 rutt-
1214 1849 1271 1884 cum
1292 1831 1325 1883 de
1342 1831 1429 1884 dando
1448 1830 1533 1901 quoad
1553 1832 1619 1896 ioris
1637 1829 1739 1880 romani
1757 1825 1866 1880 effectus
1884 1825 1933 1879 ltoe
1951 1825 2029 1880 modo

345 1911 376 1962 sla
395 1910 429 1962 ob
449 1925 503 1961 rent
524 1909 627 1963 datione
645 1914 759 1982 incipit,
779 1916 812 1966 tle
834 1933 886 1984 quo
910 1912 1052 1967 Friuekius
1070 1914 1109 1968 ad
1122 1913 1162 1965 ut.
1216 1911 1313 1965 nudum
1334 1914 1421 1977 audit,
1441 1914 1459 1965 l.
1479 1915 1539 1968 3.c.
1557 1915 1590 1968 de
1608 1927 1659 1964 rer.
1675 1929 1762 1982 peren.
1778 1910 1905 1979 obligatio
1923 1911 2030 1963 demum

344 1994 376 2044 de
386 1993 544 2060 praescript·
558 1995 635 2046 verb.
653 2015 680 2049 n.
699 1996 742 2050 li.
761 1997 804 2052 Ob
824 2016 878 2051 rem
892 1998 963 2051 detio
975 1999 1044 2050 eniu
1064 2016 1079 2049 e
1096 2014 1162 2064 quo·
1216 2013 1249 2048 ex
1266 1997 1376 2050 alterius
1396 1997 1503 2051 datione
1523 1997 1625 2066 incipit.
1642 1996 1662 2049 i.
1676 1999 1699 2048 l.
1712 1997 1734 2062 §.
1748 1993 1815 2064 2ff.
1834 1995 1867 2047 de
1879 1985 1931 2048 mi
1943 2011 2017 2063 perus

343 2076 409 2129 libet
429 2083 560 2130 contrecto
579 2077 750 2134 innominato
775 2080 872 2136 differt.
898 2081 1047 2134 Contrectua
1065 2082 1164 2150 quippe
1187 2081 1189 2153 l
1214 2077 1244 2128 ld
1263 2079 1363 2148 quippe
1381 2090 1485 2148 pictum
1507 2080 1603 2132 nudum
1623 2089 1661 2133 est
1672 2115 1682 2144 ,
1699 2079 1768 2148 qrrod
1787 2078 1876 2149 placiti
1894 2072 1962 2132 fines
1976 2093 2029 2130 non

347 2158 528 2211 innominatus
549 2164 650 2227 praesia
670 2180 774 2232 semper
793 2165 965 2218 consentione
982 2160 1010 2216 fit
1030 2163 1162 2215 dedendo
1187 2158 1189 2195 ¹
1213 2163 1327 2214 excedit.
1346 2164 1462 2216 vionius
1481 2163 1588 2231 depone.
1603 2181 1626 2216 c.
1638 2163 1663 2214 tt.
1677 2182 1705 2214 n.
1723 2165 1765 2214 Π.

344 2241 449 2310 aliquo,
467 2245 506 2296 vel
526 2243 661 2308 iaciendo,
681 2249 704 2299 si
723 2247 788 2302 ltreo
806 2249 945 2302 coraseutiu
971 2265 1021 2297 nou
1041 2261 1161 2313 prerces·
1249 2245 1271 2308 §.
1291 2243 1315 2293 l.
1334 2245 1411 2312 Qtrod
1438 2255 1541 2311 antem,
1561 2246 1677 2316 incipere
1698 2244 1885 2314 obligationem
1909 2243 1943 2296 ab
1967 2243 2031 2296 slte-

342 2325 509 2387 aerit,drus
528 2327 702 2396 accipientem
723 2331 796 2384 nullo
813 2331 880 2394 iuris
900 2328 1017 2380 remedio
1034 2329 1067 2380 ad
1086 2330 1162 2382 ricia-
1212 2325 1269 2378 rius
1291 2325 1413 2394 datione,
1433 2327 1510 2382 modo
1533 2328 1649 2393 dictum,
1668 2347 1719 2381 non
1744 2329 1804 2382 ideo
1831 2327 1904 2398 qusai
1931 2328 2030 2381 nnllam

343 2407 395 2458 aius
415 2406 527 2460 dentum
546 2421 634 2478 roget,
651 2413 721 2482 quod
740 2431 767 2466 se
785 2431 837 2464 non
856 2411 1024 2466 adstrinxerit
1042 2427 1089 2482 per
1101 2429 1162 2465 oon·
1187 2448 1189 2462 .
1214 2411 1434 2479 permutationem
1454 2427 1638 2479 agnoscerem,
1658 2411 1710 2464 uisi
1729 2421 1838 2480 uterque
1856 2411 1979 2474 dederit,
1991 2411 2029 2463 ita

343 2493 509 2557 acutionem,
529 2504 560 2545 et
585 2497 637 2548 erig
656 2497 724 2546 gaud.
743 2495 778 2544 ob
803 2509 857 2546 rem
877 2496 962 2561 gigno,
981 2497 1017 2550 it.
1036 2506 1063 2549 ut
1083 2496 1105 2548 gi
1125 2513 1164 2548 η.
1186 2469 1190 2508 ι
1214 2492 1288 2542 enlm
1311 2501 1427 2544 tertuum
1451 2509 1633 2560 “pressorum
1653 2491 1720 2546 filie!
1745 2495 1811 2545 milti
1830 2492 2030 2548 contradiceret.

343 2574 448 2642 otpiens
465 2575 607 2642 detractet,
626 2579 691 2628 dana
709 2577 779 2630 nude
796 2578 885 2632 dutum
908 2580 1047 2634 condicere
1064 2581 1159 2650 possit,
1213 2571 1231 2624 i.
1256 2574 1281 2629 l.
1303 2592 1326 2627 e.
1352 2577 1384 2628 tie
1404 2589 1518 2646 permut.
1540 2575 1614 2628 Unus
1631 2576 1757 2640 dederat,
1775 2587 1799 2627 et
1820 2575 1882 2628 iude
1901 2575 2030 2628 actionem

343 2655 365 2704 at
385 2671 444 2709 cero
462 2666 556 2726 sponte
580 2659 712 2726 recipient
739 2660 856 2714 sieirsim
881 2663 938 2726 det,
956 2661 1049 2716 effectu
1074 2665 1163 2718 evadet
1212 2659 1385 2728 preescriptis
1408 2660 1497 2714 serbis
1521 2660 1648 2724 habebat,
1666 2679 1716 2729 qua
1743 2660 1854 2713 omuino
1877 2659 1968 2712 inisset
1985 2659 2030 2710 de·

343 2739 513 2805 permutatio,
532 2739 597 2790 licet
614 2749 689 2792 rntea
708 2751 738 2794 ut
755 2741 873 2808 dicturo,
886 2743 955 2796 nuda
966 2745 1001 2797 ola
1019 2761 1073 2797 rem
1093 2747 1162 2804 datio
1213 2743 1342 2810 stitutus,
1356 2747 1408 2799 nlsi
1421 2747 1591 2816 permutatio
1610 2743 1715 2798 luisset.
1734 2746 1789 2798 lmo
1806 2746 1875 2798 inter
1892 2744 2031 2798 articulum

344 2819 432 2870 luerit.
452 2821 485 2874 ttr
504 2822 687 2898 talem'easum
713 2825 799 2877 undu
822 2825 857 2878 oli
880 2843 935 2879 rem
961 2826 1077 2882 ditionis
1096 2830 1123 2884 in
1141 2831 1160 2882 l.
1211 2825 1244 2880 dc
1263 2839 1290 2883 ut
1307 2830 1718 2899 des,etpernautatiouem,qus
1739 2828 1924 2882 eonsensnsde
1942 2829 2029 2880 utrin-

330 2901 436 2974 fimffi
460 2905 494 2957 de
514 2905 630 2960 condiet.
652 2922 728 2960 cous.
752 2905 808 2960 dot.
832 2926 890 2963 non
914 2922 995 2966 secur.
1013 2927 1070 2965 esse
1087 2925 1159 2982 puto.
1211 2931 1262 2981 que
1280 2914 1365 2968 dendo
1387 2915 1550 2982 praecessit,
1575 2915 1673 2966 nullum
1695 2911 1875 2964 ‹tittereuuau
1901 2927 2030 2979 cguoaeo,

342 2985 409 3039 llam
428 2987 456 3038 in
475 3004 504 3038 ee
523 2991 603 3042 solam
622 2993 748 3057 pecunius
765 2994 952 3061 repetitionem
974 2996 1050 3048 dctus
1069 3013 1163 3051 couce-
1212 3010 1238 3051 ut
1256 2999 1306 3064 iarn
1326 3015 1405 3066 snprs
1425 2997 1545 3051 adstruxi
1564 3014 1623 3050 cum
1645 2996 1758 3046 Antonio
1776 2993 1808 3044 de
1823 2992 1956 3045 l’adill.in
1973 2993 1991 3046 l.
2004 2993 2033 3046 tt.
2077 3015 2081 3024 ·

342 3069 400 3135 dit,
419 3088 479 3124 oum
500 3073 527 3124 in
547 3071 564 3124 l.
585 3073 608 3124 tt.
627 3081 648 3134 ς.
669 3077 693 3125 l.
712 3075 744 3128 de
759 3077 921 3145 praescripr.
939 3077 1013 3131 veri.
1027 3081 1159 3132 actionem
1211 3079 1235 3149 5.
1248 3084 1273 3132 l.
1287 3080 1320 3134 de
1331 3099 1360 3150 p.
1383 3099 1406 3136 e.
1427 3083 1521 3136 Zoesio
1539 3095 1564 3136 et
1583 3081 1626 3132 du.
1648 3078 1750 3132 Strurio
1766 3077 1803 3128 od
1813 3075 1852 3127 tir.
1864 3075 1896 3128 da
1907 3091 1958 3128 rer.
1971 3094 2031 3142 par-

342 3153 516 3224 prreseriptis
534 3155 619 3208 serbis
632 3157 661 3207 iu
673 3157 767 3209 eodem
780 3173 840 3211 casu
859 3161 1034 3226 concesserit,
1045 3176 1077 3212 ea
1090 3163 1161 3216 nulla
1212 3175 1278 3218 mur.
1294 3166 1369 3235 Quae
1383 3175 1468 3220 tamen
1487 3165 1620 3226 subesset,
1634 3161 1849 3231 permutationem
1864 3159 1962 3211 nullam
1975 3160 2029 3212 nisi

340 3239 391 3290 alia
411 3245 524 3304 retroue,
542 3255 620 3306 quam
637 3240 706 3310 quod
726 3243 753 3294 in
771 3241 911 3313 posteriori
930 3242 995 3296 iseti
1014 3245 1100 3314 aperie
1117 3262 1160 3298 eo·
1212 3249 1246 3303 ala
1265 3257 1376 3317 utroque
1402 3225 1510 3303 datione
1531 3245 1597 3302 iacta
1624 3245 1762 3298 asserenti.
1787 3240 2030 3294 bntou.l¹'rb.1id.

342 3319 448 3387 eipiens
466 3320 499 3373 de
518 3320 635 3374 siriasim
655 3325 744 3376 dendo
761 3325 924 3389 conuenerit,
945 3329 973 3378 in
991 3326 1073 3393 priori
1093 3327 1161 3378 nuda
1185 3377 1187 3392 ,
1211 3332 1236 3388 ο,
1254 3333 1408 3403 monjeee,
1422 3341 1447 3386 ,ι
1463 3347 1495 3386 01
1508 3348 1539 3386 ω
1552 3326 1738 3386 sehifferdeok.
1752 3326 1796 3380 lib.
1809 3327 1834 3378 2.
1850 3323 2029 3396 dirpfhrenr.

340 3403 415 3457 durio
432 3402 468 3458 oli
485 3420 540 3458 rem
560 3404 656 3470 inerit',
668 3407 766 3476 quibus
779 3411 873 3478 positia
891 3409 962 3463 iuter
975 3419 1109 3481 utrimque
1120 3411 1159 3464 le·
1184 3393 1188 3450 l
1211 3427 1275 3472 toni.
1296 3418 1321 3470 d.
1333 3435 1378 3488 gn.
1392 3415 1416 3468 d.
1437 3417 1462 3468 ³.
1473 3428 1524 3470 ese.
1544 3413 1951 3482 reruunrtoueuneqoaqoan
1971 3430 2030 3482 per-

339 3501 399 3552 gem
418 3503 502 3556 pugna
521 3489 681 3557 espiretree
701 3492 1161 3565 retiociuatioircilisesenit,quo·
1211 3501 1306 3556 lectam
1331 3500 1488 3564 adstruunt,
1507 3498 1560 3553 nisi
1586 3514 1619 3550 ex
1648 3497 1739 3567 plsciti
1759 3493 1812 3549 lide
1837 3511 1942 3567 utraque
1958 3497 2030 3552 datio

342 3571 419 3622 morlo
437 3574 594 3642 permutatio
612 3594 628 3627 a
647 3577 758 3630 aeosudo
782 3580 894 3633 articulo
913 3590 1094 3634 contractuum
1119 3581 1159 3633 in·
1185 3595 1187 3634 t
1211 3585 1293 3640 irctas
1313 3583 1381 3638 iorte
1399 3581 1478 3646 iude,
1496 3581 1564 3652 qraod
1585 3581 1614 3634 in
1633 3581 1651 3632 l.
1671 3584 1696 3632 l.
1716 3588 1739 3643 ς.
1758 3581 1784 3633 2.
1800 3580 1832 3632 de
1849 3597 1901 3634 rer.
1912 3591 2028 3649 permut.

342 3659 534 3708 nominatorum
555 3655 589 3711 do
607 3669 635 3710 ut
652 3658 698 3713 des
719 3661 840 3726 differet,
858 3663 996 3718 articulum
1015 3666 1049 3718 do
1068 3667 1159 3720 ordea
1210 3672 1286 3724 ictus
1307 3669 1342 3721 ita
1361 3667 1472 3721 ettaton
1487 3663 1652 3734 permutatio
1680 3681 1716 3716 eoe
1740 3681 1770 3716 re
1794 3664 1896 3718 traditu
1920 3665 2029 3718 initium

344 3751 438 3805 nempe
454 3739 595 3792 consentio
615 3757 720 3811 semper
732 3745 765 3796 de
777 3746 846 3798 ultro
864 3750 981 3814 rituique
993 3747 1081 3802 dando
1092 3765 1161 3818 pree
1209 3749 1372 3822 obligationi
1381 3748 1502 3820 praeiet.
1514 3749 1569 3806 Sed
1588 3765 1653 3818 prce
1670 3750 1787 3801 rirurnm
1807 3759 1937 3802 tantorum
1956 3748 2029 3802 dixe·

338 3819 428 3882 will»
441 3823 506 3873 sdes
524 3832 573 3887 ut,
590 3825 635 3893 qul
654 3825 773 3892 dederit,
785 3829 957 3898 recipientem
975 3835 1160 3902 seriousprae·
1212 3839 1262 3887 rim
1275 3872 1282 3896 ,
1296 3846 1382 3888 reatus
1394 3835 1471 3886 istam
1492 3831 1739 3902 interpretationem
1760 3829 1830 3885 ferre
1847 3832 1953 3902 nequits
1967 3849 2029 3886 eon·

340 3903 447 3970 scriptia
465 3904 552 3956 serbis
572 3921 663 3978 cogere
681 3911 784 3980 possit,
803 3927 855 3981 quo
875 3915 913 3966 rel
932 3914 1073 3983 promissio
1091 3926 1159 3984 stet,
1210 3918 1297 3972 iertur
1315 3921 1386 3973 euim
1407 3920 1477 3972 inter
1500 3932 1528 3971 se
1546 3917 1705 3988 permutatio
1730 3927 1758 3971 ct
1778 3919 1878 3988 emptio
1895 3916 2027 3982 renditiu,

340 3985 378 4035 '⁸¹
398 3985 525 4039 inlmm
543 3990 640 4052 ”litis
659 3993 699 4044 rel
718 3995 741 4043 al
768 3995 834 4048 dans
860 3992 966 4050 difficili
988 3998 1156 4068 probatione,
1209 3995 1293 4056 itu‘nt
1309 4001 1344 4054 ob
1362 4003 1445 4053 solum
1464 4015 1617 4053 consensum
1643 3999 1764 4054 venditor
1791 3998 1908 4063 trsdrre,
1927 4011 2029 4070 emptor

340 4068 430 4133 iuml*
449 4083 494 4120 ⁸²⁸⁸
514 4067 636 4136 luimus
651 4089 680 4124 se
698 4073 836 4144 ruptum
855 4079 939 4144 nolit,
952 4079 997 4134 aed
1016 4097 1071 4136 rens
1086 4100 1157 4138 snam
1210 4083 1324 4154 prelium
1343 4084 1459 4146 solvere,
1478 4083 1505 4134 ln
1525 4083 1719 4150 permutatione
1737 4097 1797 4134 seru
1814 4080 1848 4134 ob
1867 4083 1949 4136 solum
1969 4101 2029 4136 eou-

340 4159 459 4218 repetere
478 4151 565 4218 malit,
584 4171 614 4208 ac
638 4156 661 4208 si
680 4157 749 4212 nuda
767 4159 801 4214 ob
819 4177 875 4214 rem
897 4159 968 4216 datio
990 4181 1065 4218 asna
1085 4177 1159 4237 parta
1207 4185 1314 4223 sensum
1339 4167 1406 4221 alter
1424 4167 1456 4220 ad
1478 4166 1593 4220 dundom
1618 4183 1671 4218 uon
1697 4174 1830 4226 teneatur,
1848 4163 1893 4216 aed
1918 4165 2026 4219 initium

340 4233 540 4301 iu‘mellitula
559 4251 614 4290 rem
634 4237 721 4293 ‹letem
741 4241 879 4296 condicere
896 4245 922 4297 d.
944 4244 963 4295 l.
980 4245 1005 4298 d.
1028 4253 1049 4310 ς.
1076 4252 1099 4302 t.
1114 4249 1157 4318 ff
1208 4253 1362 4318 obligationi
1383 4264 1419 4304 sc.
1436 4249 1469 4303 ad
1488 4248 1605 4304 vicissim
1625 4247 1755 4311 dandum,
1774 4263 1808 4300 ex
1826 4263 1855 4300 re
1874 4249 1969 4305 tradita
1985 4265 2027 4302 es·

338 4332 455 4386 praescr.
467 4320 543 4374 neri.
556 4321 590 4376 Et
609 4323 648 4376 uti
668 4325 826 4380 Hortensius
845 4329 878 4381 ad
898 4329 977 4381 istam
994 4329 1099 4385 ‹ledueit
1117 4334 1158 4388 in·
1208 4352 1243 4389 ae.
1263 4335 1345 4390 Prout
1363 4336 1451 4404 itaque
1469 4335 1498 4386 iu
1518 4334 1652 4403 emptione
1670 4343 1696 4387 et
1712 4333 1865 4388 venditione
1889 4332 1924 4386 ola
1942 4333 2027 4386 solum

340 4402 402 4454 sius.
424 4403 586 4461 Permutetio
611 4423 671 4461 sero
699 4409 738 4460 uti
763 4411 881 4477 dietum,
901 4412 1021 4468 nudauit
1039 4431 1095 4471 rem
1113 4420 1158 4472 da·
1207 4435 1365 4474 eonsensum
1385 4415 1515 4488 perlectus
1534 4427 1572 4470 est
1590 4427 1752 4481 contuetur,
1764 4416 1810 4468 aed
1828 4427 1890 4469 aute
1908 4416 2024 4471 traditio·

340 4485 412 4538 lione
432 4489 616 4556 praecedente,
635 4493 658 4543 si
691 4505 783 4564 sponte
807 4495 938 4568 recipiens
963 4499 1080 4555 sicissim
1099 4501 1156 4571 det,
1207 4518 1267 4554 uem
1286 4502 1402 4554 nondum
1423 4501 1565 4572 impleturi
1580 4503 1613 4555 de
1631 4520 1683 4572 quo
1700 4501 1961 4556 celeberrimulin.
1976 4506 2027 4558 lie·

339 4569 491 4633 ωΰῑῖὓὲθῑθ
509 4583 594 4641 quui·
1207 4585 1285 4638 huius
1298 4583 1336 4636 od
1353 4585 1468 4638 Wesenb.
1478 4585 1511 4638 de
1521 4596 1611 4638 coum.
1624 4595 1699 4651 empt.
1713 4585 1751 4638 lte
1764 4587 1932 4654 permutetis),
1939 4589 2025 4655 quoad

373 4649 396 4724 ς.
417 4653 442 4703 8.
454 4655 554 4706 Verum
568 4672 619 4709 uon
632 4657 691 4710 ideo
704 4657 834 4712 condictio
846 4659 1158 4738 laiepermittitnr,qcasi
1206 4666 1339 4734 obligandi
1365 4668 1434 4733 rina,
1453 4685 1484 4720 ea
1512 4671 1591 4720 nnius
1615 4669 1771 4731 traditione,
1793 4669 1870 4723 modo
1893 4670 2024 4740 erplierto

338 4751 396 4789 cum
416 4735 520 4786 ectioue
539 4739 707 4808 praescriptis
726 4739 813 4794 uerbis
839 4757 872 4794 ex
890 4751 1079 4813 permutatione
1096 4769 1157 4806 con·
1208 4749 1337 4819 perlecta,
1351 4751 1395 4802 sed
1414 4761 1553 4820 antequem
1573 4753 1695 4821 utrinqne
1713 4751 1830 4816 dederit,
1843 4753 1959 4807 noudum
1978 4755 2025 4806 ed·

338 4827 442 4880 cumlt
461 4837 601 4876 concursus
627 4841 738 4893 namque
763 4825 866 4880 illerum
893 4831 999 4900 proprie
1022 4836 1155 4888 sotiorum
1207 4835 1322 4904 impleta.
1342 4837 1372 4888 ln
1391 4853 1422 4888 eo
1445 4837 1517 4888 enim
1543 4837 1713 4904 obligationis
1736 4835 1880 4889 cunctantia
1905 4847 1976 4898 erat,
1994 4845 2024 4891 nt

338 4911 396 4965 ⁰⁸¹·
414 4919 480 4975 qim
497 4903 620 4973 utrinque
638 4907 739 4959 directo
757 4921 923 4976 competunt,
937 4923 960 4965 et
976 4931 1057 4984 aeque
1075 4919 1158 4972 iuten·
1206 4918 1315 4971 elterum
1335 4919 1367 4970 ad
1387 4917 1503 4970 dandum
1524 4918 1623 4987 aliquid
1646 4919 1684 4973 ael
1710 4915 1858 4969 iaciendum
1877 4916 2024 4989 adstringa-

337 4989 386 5040 uri
405 4995 529 5057 P⁰⁵⁸⁰⁰ia
547 4985 614 5056 ‘1¹¹⁰tl
634 4989 665 5040 ¹¹³
685 4990 758 5042 ili-⁰⁰
775 4992 926 5046 ⁸⁰li⁰nlbti⁸
952 4994 1082 5052 verificari
1102 5018 1154 5055 uon
1207 5018 1264 5054 mus
1282 5003 1300 5055 l.
1313 5004 1338 5054 ³.
1349 4999 1374 5073 §
1376 4999 1407 5069 s.
1413 5000 1453 5070 ff.
1468 5001 1501 5054 de
1512 5017 1536 5055 n.
1550 5011 1577 5056 et
1589 5021 1618 5057 o.
1635 5003 1707 5054 Hinc
1723 5000 1835 5070 liquebit
1852 5019 1954 5072 quoque
1968 5021 2024 5072 per·

337 5085 471 5140 possem
489 5067 569 5122 dictis
586 5071 620 5128 de
637 5071 739 5123 ratione
757 5073 844 5126 nudae
862 5075 974 5130 dationis
991 5079 1026 5131 ob
1044 5095 1156 5147 rem,et
1207 5086 1371 5140 mutationem
1391 5101 1464 5149 esse,
1483 5087 1543 5137 licet
1569 5099 1690 5154 resquae
1716 5086 1749 5136 ab
1767 5085 1893 5137 atterutro
1911 5087 2003 5140 tredita

337 5163 485 5206 contractos
503 5154 662 5207 innominati
686 5155 812 5222 regularis
849 5169 928 5226 patet.
954 5162 1003 5214 Sed
1024 5165 1051 5215 in
1073 5166 1118 5221 iste
1137 5169 1156 5222 l.
1205 5170 1286 5223 ericta
1306 5171 1410 5233 sit,rel
1428 5165 1582 5222 casnafidei
1603 5169 1804 5237 implementum
1825 5168 1954 5238 impediat
1981 5172 2021 5222 uti

337 5237 363 5288 li.
372 5243 394 5300 ς.
414 5239 440 5289 1.
447 5233 526 5307 [ψ.
536 5255 559 5290 ν.
574 5255 621 5306 per
642 5239 855 5308 consequentiam
870 5249 1042 5313 permittitur,
1054 5264 1099 5300 ceu
1113 5252 1154 5302 eui
1206 5251 1233 5304 in
1253 5269 1313 5303 casn
1331 5251 1350 5304 l.
1370 5253 1394 5304 4.
1412 5269 1434 5304 c.
1447 5251 1509 5306 der.
1521 5261 1637 5318 permut.
1647 5252 1707 5322 quie
1726 5263 1872 5306 contractus
1890 5270 1923 5308 ex
1942 5256 2021 5308 initio

336 5323 435 5388 11108ῗί
450 5339 544 5392 'tempe
560 5321 663 5374 ¹titilletur
683 5325 854 5394 presseriptia
875 5327 960 5380 serbis
978 5329 1010 5380 sd
1025 5332 1153 5401 adimple·
1205 5353 1251 5388 suo
1269 5346 1292 5388 et
1312 5336 1443 5389 easaniutt
1464 5353 1515 5388 non
1536 5337 1626 5403 quovis
1648 5351 1743 5388 erentn
1772 5349 1798 5390 et
1819 5337 1961 5391 accessorio
1978 5355 2020 5392 ee·

338 5405 435 5456 tionem
449 5406 589 5473 promissi,
604 5406 643 5461 rel
662 5406 864 5475 praestationem
879 5411 933 5477 ejus
946 5413 1013 5480 qood
1028 5413 1154 5481 interest,
1205 5419 1351 5472 atimautnr.
1370 5419 1504 5488 obligatio
1521 5421 1619 5485 etenim
1639 5435 1671 5471 er
1691 5418 1834 5472 traditione
1851 5421 1960 5474 initium
1979 5439 2021 5474 ce-

334 5490 359 5536 ei
379 5496 405 5536 et
426 5489 530 5554 minua,
545 5507 638 5558 nempe
654 5491 743 5542 datum
764 5493 1012 5558 repetere‚licituan
1026 5513 1082 5550 esse
1094 5518 1153 5552 ceu·
1204 5503 1261 5569 pit,
1280 5520 1331 5554 non
1349 5503 1422 5572 quasi
1442 5518 1584 5556 cousensus
1603 5501 1785 5572 praecedentia
1797 5501 1829 5556 de
1848 5501 1933 5556 dendo
1952 5507 2021 5558 ultro

336 5576 432 5622 Willi-
450 5567 509 5624 N⁰⁰
533 5573 655 5641 quidem,
678 5571 750 5642 quati
777 5575 908 5642 recipiens
933 5578 1029 5646 eligere
1057 5584 1152 5650 possit,
1203 5583 1323 5651 citroque
1349 5585 1436 5637 nullre
1462 5598 1546 5655 partes
1569 5587 1641 5650 sint,
1661 5586 1704 5639 sed
1732 5587 1800 5657 quod
1825 5583 1939 5641 efficacia
1959 5600 2022 5641 aute

335 5653 422 5720 potius
441 5668 497 5705 rem
517 5665 610 5726 sponte
628 5657 783 5720 restituere,
801 5675 878 5724 quam
897 5671 1028 5728 proestare
1047 5664 1154 5720 interes·
1204 5669 1356 5723 alterutrius
1374 5670 1506 5724 dationem
1514 5671 1687 5727 destituetur.
1702 5675 1759 5743 Quia
1777 5673 1877 5726 retione
1893 5672 2019 5741 obligetiu

335 5751 375 5800 “a
395 5751 455 5790 Μ
474 5753 504 5790 ⁸⁰
526 5740 664 5794 wutrnlio
689 5741 847 5812 preteriens
869 5745 986 5814 siquod
1011 5747 1073 5802 alter
1092 5769 1152 5823 pro·
1204 5759 1231 5806 et
1249 5752 1447 5824 implementum
1467 5754 1515 5809 lroc
1542 5757 1621 5809 ruodo
1640 5755 1760 5812 dicuntur
1783 5755 1862 5810 simul
1886 5763 2020 5826 tempore,
