4456 6208
286 275 341 330 stt
634 269 682 322 ott
700 271 803 330 Jt'ttts
821 272 1054 332 MUNtctrtttts
1073 275 1272 330 osrttttertot
1292 278 1452 336 tttrtosts
1470 296 1530 336 ιτα.
1817 278 1872 334 m

228 373 253 426 d.
273 373 291 428 1.
309 392 338 426 n.
363 371 388 424 2.
411 365 548 424 confirmet
572 367 598 420 id
626 370 787 437 praejudicio
813 369 907 439 Carpe.
931 382 999 440 port.
1028 373 1054 425 2.
1105 372 1127 421 si
1147 372 1186 424 rel
1206 371 1317 442 periculi
1339 373 1489 442 magnitudo
1510 372 1549 426 ret
1569 371 1647 442 patrii
1666 372 1716 426 soli
1735 373 1844 428 dulcedo
1861 375 1926 432 erni·

228 460 343 514 conred
364 455 420 526 des
435 459 461 509 3.
474 455 551 508 rerba
573 464 647 506 sunt:
668 453 734 507 bobr
751 452 796 506 ittr
815 456 856 506 alr
875 457 937 506 eine
956 457 1052 508 liutiti-
1102 458 1254 526 prationem
1274 455 1442 521 dissuadeat,
1460 458 1589 525 asylus-orn
1601 457 1747 528 perfugium
1763 458 1868 512 miseris
1882 480 1926 532 pa·

227 543 387 614 persenties
403 545 476 599 Orto,
496 539 547 594 den
558 527 762 608 geusttultatun
778 537 843 608 Eyet
854 540 978 609 adlegen,
998 540 1055 594 rand
1104 549 1150 592 tet.
1170 539 1239 592 Sunt
1258 552 1344 593 autern
1365 542 1419 592 loca
1434 541 1594 610 priuilegium
1609 541 1678 594 veria
1691 541 1751 594 ritis
1764 543 1924 598 Rittersltus.

224 625 451 696 gemei'uerStedt
466 623 601 676 Berressa
622 621 739 686 eunden,
762 621 896 674 scdweren
924 627 1051 688 ntitrsen,
1103 625 1211 697 dejure
1233 627 1334 696 usylnr.
1352 645 1375 678 c.
1396 627 1422 678 3.
1443 626 1472 675 ln
1491 627 1587 695 quilius
1609 628 1704 696 templa
1718 629 1834 682 eminent
1848 635 1888 684 ut.
1900 649 1925 686 e.

229 708 404 778 woruuffr'br
416 711 581 776 olrnluengrt
600 708 649 776 bey
665 705 715 758 det·
735 705 824 758 hulten
848 704 988 774 Obrigker‘r
1007 725 1052 760 uin
1101 711 1134 762 de
1146 709 1249 780 ittaque·
1267 709 1305 764 ad
1317 710 1409 762 erolus.
1427 711 1536 781 corfirg.
1557 713 1684 780 Quamuis
1703 721 1789 766 autern
1802 714 1837 766 ob
1849 713 1924 768 debi-

228 796 280 848 den
305 792 505 848 Weinsrbuurk
525 792 693 858 suppliciter,
713 792 770 847 und
788 793 943 858 utijlenren
962 794 1052 846 Hnure
1103 803 1157 845 tum
1178 795 1337 846 tributorum
1357 793 1522 860 publicorum
1551 794 1662 844 nornine
1686 804 1866 860 contractum,
1886 813 1924 849 eo·

228 875 460 930 etitronderdarer
473 875 647 945 priuilegium
666 875 786 931 Wet'rtsu
799 875 945 931 eclienclrsn
964 876 1051 928 erbui·
1101 876 1196 929 elesius
1213 887 1258 929 aut
1277 878 1387 932 alioruin
1408 878 1574 947 publicorum
1596 878 1712 930 locorum
1732 878 1801 946 asyla
1821 879 1924 932 nemini

228 971 283 1014 tert·
300 960 409 1012 Odnun
430 959 637 1014 woldi'erdurcli
651 961 710 1011 dem
733 959 975 1013 antisteterunt
993 961 1051 1012 uiso
1102 969 1193 1026 patere
1210 953 1328 1014 debeant
1343 951 1470 1015 noostt.
1488 977 1512 1012 c.
1530 961 1557 1011 t.
1575 967 1597 1023 ς.
1619 963 1642 1011 l.
1664 959 1779 1013 Pariunt·
1797 961 1923 1031 q.28.n.

227 1043 362 1112 gemeiner
373 1043 453 1094 Stude
467 1043 543 1093 nictit
558 1043 646 1112 menig
658 1042 767 1096 Geniesr
778 1056 904 1110 enteugen
920 1041 1001 1102 arrd,
1021 1061 1050 1095 ro
1102 1043 1147 1092 st.
1169 1041 1264 1094 Kloek.
1287 1042 1320 1097 de
1336 1043 1450 1096 contrib.
1470 1043 1495 1096 d.
1513 1042 1531 1096 l.
1549 1061 1574 1096 n.
1596 1043 1655 1094 186.
1675 1043 1769 1112 Inique
1781 1055 1865 1098 tutnen
1877 1065 1925 1116 op·

230 1130 296 1181 eutr
307 1127 350 1180 t'lir
361 1126 428 1180 ducii
440 1127 524 1180 dearali
541 1125 699 1196 Erbultung
710 1126 846 1192 gedurliter
856 1125 990 1196 privilegii
1007 1146 1050 1179 eii·
1102 1127 1210 1195 pressis,
1230 1137 1272 1180 aut
1293 1128 1366 1180 oneri
1388 1144 1549 1197 nequequam
1569 1125 1764 1178 sufficientibus
1788 1143 1818 1180 ea
1835 1127 1923 1180 occlu-

230 1227 278 1263 ren
290 1209 443 1279 geleisteten
459 1208 537 1280 Eyde
550 1209 643 1262 keiuer
661 1227 744 1279 weges
763 1208 1049 1279 srewidergehnndelt,
1100 1209 1183 1262 denda
1202 1227 1255 1263 non
1274 1221 1352 1274 erint,
1373 1209 1512 1263 Quaerite.
1525 1209 1549 1261 2
1568 1227 1626 1263 cur.
1645 1224 1694 1263 res.
1715 1210 1757 1262 2⁰.
1776 1227 1804 1262 n.
1822 1211 1865 1262 tt.
1879 1209 1919 1264 ia·

231 1296 386 1365 derosaegen
399 1294 443 1350 ilar
454 1293 524 1348 nuclt
538 1292 807 1364 miteinigerSrrqffe
819 1295 893 1348 nirlrr
904 1295 1052 1364 zubeli-gen
1099 1294 1139 1346 cit
1156 1293 1224 1363 quod
1244 1294 1278 1347 ob
1295 1311 1338 1346 aes
1356 1295 1469 1346 alienum
1489 1292 1606 1362 legitime
1624 1302 1783 1346 contractum
1809 1291 1921 1363 confuga

230 1379 302 1448 reyd.
318 1395 345 1430 o.
360 1397 382 1431 r.
398 1379 442 1430 to.
1099 1375 1132 1428 ab
1150 1377 1258 1431 eeclesia
1276 1378 1360 1430 eximi
1381 1395 1433 1430 uon
1452 1376 1544 1430 debeat
1563 1378 1583 1429 1.
1599 1377 1646 1432 ult.
1664 1395 1688 1430 c.
1704 1379 1740 1431 de
1760 1376 1804 1428 ltir
1823 1377 1871 1448 qui
1886 1379 1923 1434 nd

265 1467 287 1526 ς.
307 1463 353 1514 1³.
371 1460 497 1513 Exsoutio
515 1459 595 1512 seriis
612 1459 696 1512 modis
710 1458 737 1512 iu
751 1458 869 1529 publicis
882 1457 980 1510 debitis
992 1475 1051 1512 cun·
1097 1461 1160 1512 eccl.
1178 1457 1291 1529 rorpsug.
1311 1460 1371 1512 Ant.
1400 1461 1487 1514 Peter.
1505 1461 1569 1513 idid.
1596 1479 1624 1512 η.
1650 1461 1675 1511 d.
1702 1473 1797 1527 quanto
1821 1463 1921 1530 tnagis,

230 1545 357 1598 incites
376 1544 496 1596 instituta
517 1542 671 1614 impeditur,
690 1543 815 1612 inprimis
835 1541 952 1597 cedendo
973 1543 1049 1596 bonis
1099 1543 1143 1594 ille
1161 1545 1206 1612 qui
1228 1546 1325 1612 injuria
1344 1541 1493 1612 affligitur,
1519 1541 1670 1596 Gotierrez.
1698 1541 1743 1594 lib.
1767 1546 1794 1595 ί.
1818 1553 1922 1612 potueri.

229 1625 358 1691 oneratis,
380 1627 434 1679 sire
454 1627 597 1679 deseruido
616 1628 808 1696 possessiouem
826 1628 951 1680 oneribus
970 1629 1050 1680 obtin·
1098 1625 1167 1677 sicil.
1185 1644 1244 1698 cap.
1265 1631 1290 1678 1.
1309 1627 1363 1694 Ego
1381 1627 1411 1677 ad
1432 1626 1480 1679 hoe
1498 1627 1598 1694 asylum
1613 1624 1752 1678 anchoram
1766 1622 1859 1692 figens,
1875 1645 1922 1680 na·

230 1711 301 1763 xiarn
319 1710 338 1761 t.
358 1709 385 1762 2.
403 1720 430 1762 er
447 1711 472 1763 3.
490 1728 541 1779 eq
560 1709 662 1761 ibonis
673 1709 759 1761 ceder.
778 1708 842 1760 Cum
862 1710 969 1762 cuilibet
990 1710 1049 1760 ttct-
1100 1725 1156 1762 rem
1176 1711 1249 1773 atsto,
1268 1720 1388 1779 precatus
1407 1710 1502 1762 Deum
1520 1707 1653 1780 optimum
1672 1708 1838 1774 mastonem,
1855 1721 1881 1762 ut
1895 1719 1926 1764 et

230 1807 283 1849 tun
303 1811 357 1847 reru
377 1811 429 1846 non
450 1802 552 1846 tanturn
572 1793 707 1854 mobilem,
720 1792 766 1843 sed
785 1795 864 1845 etiarn
884 1794 1049 1846 iturnuttitern
1100 1809 1193 1846 nomeu
1212 1805 1237 1846 et
1256 1795 1391 1847 insteriern
1410 1793 1579 1858 tributorum,
1597 1803 1728 1864 quatenus
1744 1811 1772 1846 ea
1790 1805 1823 1848 'ex
1843 1795 1923 1850 bellis

230 1893 278 1949 pru
297 1875 424 1930 derelicto
441 1875 546 1929 babere.
566 1878 681 1945 llarppt.
700 1878 737 1928 ud
752 1872 777 1944 5.
795 1891 864 1943 quus
882 1877 1047 1930 retroacti.
1097 1891 1153 1930 urta
1172 1888 1198 1932 et
1214 1891 1288 1934 aucta
1307 1889 1346 1932 ost
1362 1879 1494 1938 ciuilibus,
1512 1881 1579 1932 aluta
1599 1895 1662 1950 paee
1675 1878 1807 1943 restituta,
1820 1900 1835 1932 ι
1849 1883 1922 1932 Mar·

231 1959 249 2013 ι’.
267 1963 293 2014 d.
312 1977 336 2014 r.
354 1960 380 2010 d.
400 1977 427 2012 n.
446 1960 473 2011 d.
493 1959 604 2012 Batbur.
622 1957 663 2012 od
678 1959 704 2011 d.
721 1954 744 2028 §-
772 1958 816 2010 ubi
844 1960 970 2014 rationem
991 1961 1050 2014 sub·
1098 1962 1156 2015 chia
1175 1963 1400 2032 brandenburgica
1420 1960 1579 2026 recludatur,
1599 1970 1629 2015 ut
1645 1960 1714 2030 quod
1735 1961 1797 2013 belli
1816 1962 1923 2014 calami·

231 2042 323 2095 uectit.
341 2043 433 2111 ltaque
452 2041 598 2095 damnanda
618 2044 723 2096 illorum
744 2044 908 2108 immanitas,
934 2043 978 2112 qui
1004 2043 1050 2096 ile·
1100 2057 1138 2099 tas
1158 2047 1317 2114 introduxit,
1338 2044 1918 2120 boepaeisleuitetsopiatl.10princ.e.

231 2126 285 2180 bile
303 2125 352 2178 boo
371 2121 528 2180 beneficium
547 2127 642 2178 incolis
660 2125 788 2195 denegant
806 2125 875 2179 conl.
895 2125 992 2179 Kloeb.
1018 2128 1052 2182 de
1099 2128 1132 2182 de
1144 2130 1235 2186 cedrio.
1249 2130 1309 2184 toll.

229 2211 375 2264 contribuit.
393 2229 451 2277 cop.
470 2211 514 2262 ts.
533 2228 561 2263 n.
581 2211 641 2262 1⁸0.
660 2222 686 2262 et
702 2227 756 2280 req.
776 2210 839 2262 item
866 2225 914 2277 per
939 2211 1050 2279 emigra·
1118 2261 1123 2273 ,

231 2293 335 2347 tituetta
354 2291 387 2344 ds
404 2311 454 2364 qua
472 2308 549 2364 supra
566 2308 596 2363 p·
613 2293 638 2346 2.
656 2292 692 2346 td.
705 2292 959 2350 tndeeaarrartts.
974 2293 1050 2362 Quod
1420 2295 1442 2348 p
1460 2295 1473 2346 1
1491 2292 1513 2348 ll
1536 2293 1549 2347 l
1568 2295 1597 2350 Sa

774 2491 1120 2570 DtsPtJTnTto
1144 2489 1356 2570 DECIMA

416 2715 1772 2846 auctuuuuuuustuuu

829 2985 869 3030 ll)
892 2987 969 3031 liin!
991 2987 1086 3030 dUllll·
1110 2985 1140 3030 d·
1168 2987 1325 3032 HDGLXlV·

940 3164 1232 3214 ΗΗΟΝΜΝΗ.

647 3317 866 3388 suessan
891 3317 1069 3405 sunici,
1094 3314 1310 3392 wntzsita
1336 3309 1510 3381 uincit.

866 3599 1278 3672 -umm--

1013 3843 1040 3912 1.
1086 3839 1121 3908 J.

802 3975 1384 4067 entequutou

246 4207 443 4338 Habente
469 4249 597 4323 literne
622 4245 688 4320 hoo
714 4245 911 4348 peculiare,
943 4257 981 4316 ut
1007 4246 1051 4318 iis
1084 4265 1230 4342 operam
1264 4227 1433 4332 dautem,
1467 4243 1652 4316 nontam
1688 4247 1727 4318 iri
1770 4243 1914 4338 studii,

245 4379 355 4450 qoam
381 4355 435 4424 sui
464 4351 574 4450 ipsius
599 4350 843 4446 coguitionem
870 4347 1070 4429 deducant,
1096 4345 1192 4438 quod
1220 4345 1415 4442 posterius,
1441 4345 1503 4441 qui
1524 4355 1689 4442 proterve
1705 4345 1912 4442 neglexerit,

245 4455 327 4551 plus
353 4451 541 4542 defecisse,
566 4474 679 4548 quam
708 4449 894 4546 profecisse
920 4449 1032 4518 audit.
1059 4439 1135 4513 Nec
1164 4447 1311 4514 mirum.
1340 4443 1541 4516 Illiberales
1566 4445 1668 4516 enim
1693 4460 1801 4532 ortes,
1817 4471 1914 4544 quae

245 4555 284 4624 in
307 4565 473 4624 externos
499 4575 620 4622 seusus
638 4552 855 4637 incurrunt,
880 4572 986 4619 curae
1012 4555 1158 4618 tantum
1187 4543 1342 4634 habeut,
1368 4545 1537 4616 interiora
1564 4557 1663 4617 extra
1682 4551 1911 4648 propositum

248 4651 381 4724 habeut
407 4651 606 4749 neglectui5
636 4649 849 4722 humaniora
868 4662 992 4720 contra
1019 4645 1140 4720 studia
1170 4643 1340 4718 interiora
1369 4643 1575 4736 rimantur,
1598 4657 1634 4715 et
1667 4647 1753 4720 inde
1787 4671 1911 4721 rerum

246 4755 412 4826 omnium
439 4751 617 4853 pondera,
642 4755 703 4849 qui
732 4751 875 4844 itrgeuio
902 4747 1011 4848 probe
1038 4751 1264 4835 metiuntur,
1289 4771 1362 4818 uon
1390 4759 1538 4842 possunt
1564 4745 1621 4818 sui
1639 4755 1829 4846 pariterue
1847 4769 1912 4844 pu·

246 4851 343 4926 blice
368 4879 491 4928 curam
519 4851 725 4950 neglexisse.
753 4851 833 4922 lmo
860 4851 890 4922 si
917 4853 998 4946 quis
1024 4873 1170 4922 omnem
1196 4869 1344 4945 operum
1370 4851 1664 4944 comsumpsisset
1690 4851 1730 4922 in
1764 4847 1911 4934 literis,

247 4960 446 5026 cottversari
478 4971 601 5026 tamen
627 4977 712 5023 cum
739 4951 820 5022 aliis
846 4949 943 5020 haud
968 4948 1184 5033 didicisset,
1210 4970 1316 5044 opera
1342 4959 1557 5046 consumpta
1584 4949 1702 5020 inanis
1731 4947 1850 5034 soret,
1875 4959 1914 5016 et

249 5055 416 5125 utilitatis
443 5077 586 5154 expers,
613 5067 738 5123 natura
766 5053 900 5148 quippe
926 5071 1051 5120 omnes
1078 5059 1219 5120 nostnet
1245 5049 1340 5118 cives
1367 5043 1470 5133 lecit,
1499 5045 1561 5116 sed
1587 5048 1721 5120 indolis
1753 5046 1909 5118 efficacia

247 5153 434 5247 distinxit,
461 5169 503 5228 ut
529 5152 635 5228 multi
664 5153 700 5222 in
726 5173 1040 5251 quorumcumque
1065 5148 1265 5222 amicitiam
1291 5144 1457 5217 incidant
1488 5143 1622 5236 facile,
1655 5146 1806 5246 quidum
1850 5145 1910 5218 vel

248 5267 394 5358 aspectu
436 5255 509 5330 solo
551 5259 715 5329 omnium
759 5251 842 5323 odio
868 5273 905 5320 se
930 5263 1124 5347 exponant.
1153 5244 1222 5318 Cui
1249 5243 1404 5319 delectui
1431 5241 1556 5320 literne
1582 5245 1721 5320 mederi
1757 5247 1909 5334 valent,

247 5359 381 5456 quibus
406 5363 468 5459 qui
496 5355 668 5430 imbuerit
693 5353 878 5440 animum,
904 5375 1010 5447 seque
1035 5375 1076 5422 oc
1104 5371 1220 5421 mores
1244 5369 1325 5419 suos
1350 5347 1645 5436 examinaverit,
1673 5347 1829 5420 fideliter
1861 5349 1910 5420 ci·

250 5463 372 5532 vitatis
397 5463 513 5534 socius
539 5459 750 5552 neutiquam
780 5451 952 5524 molestus
976 5449 1132 5536 evadet,
1165 5471 1230 5520 uec
1264 5447 1378 5545 patrio
1403 5449 1481 5548 jura
1523 5446 1701 5544 ignorabit
1743 5449 1909 5546 turpiter.

249 5559 343 5632 Cum
372 5565 494 5662 itaque
519 5559 580 5658 qui
611 5579 673 5651 per
698 5553 837 5652 aliquot
862 5577 974 5624 annos
1000 5549 1114 5621 literis
1132 5569 1278 5646 operam
1295 5543 1398 5632 dedi,
1414 5550 1443 5617 si
1462 5547 1597 5620 civium
1616 5559 1652 5618 et
1669 5548 1754 5638 mei,
1772 5549 1911 5649 patriae

250 5683 351 5736 meae
376 5665 491 5756 cirea,
517 5655 759 5736 conditionem
790 5657 978 5754 ignorem,
1004 5665 1109 5751 turpe
1134 5649 1297 5722 loturum
1323 5647 1533 5741 aestimem,
1558 5647 1603 5724 de
1635 5645 1910 5724 civitatensibus
