4460 6208
393 395 445 450 471
861 386 1265 448 Disruttt.xw1.t>tttr.
1283 394 1305 444 1.
1324 388 1439 448 cetur
1467 389 1486 443 Ι.
1905 391 1960 446 t'tt

347 497 429 566 sinc
455 495 615 566 alterius
640 489 907 564 obtrectatione
932 493 1071 560 sentire
1099 491 1243 582 ingenii
1268 493 1403 584 operti,
1422 502 1458 560 ct
1476 483 1663 558 solidioris
1684 485 1911 582 prudentiae
1928 503 2005 562 stu-

350 594 453 665 dioso
479 595 676 664 convenire
701 613 843 684 semper
868 602 1103 659 natussum.
1130 586 1319 686 Equidem
1345 592 1421 682 ipse
1448 586 1648 659 maledicos
1674 591 1854 657 domitare
1886 590 2006 674 soleo,

350 699 417 794 qui
446 708 587 764 veteres
615 688 916 790 reprehendendo
930 685 1065 788 samoe
1098 691 1293 760 materiam
1325 701 1529 785 quaerunt,
1562 703 1600 757 et
1633 689 1808 757 novitatis
1844 687 2004 755 innisum

350 815 428 864 esse
455 792 671 864 vocabulum
700 795 847 861 nullum
877 785 933 858 n'se
960 791 1164 886 proeterit;
1182 797 1243 859 ast
1259 791 1405 858 servilis
1421 808 1567 884 quoque
1586 790 1805 886 superstitio
1821 799 2006 872 cerrsetur,

377 914 449 963 uae
474 907 639 963 veterum
666 897 818 960 inserita
847 891 1012 960 miratur
1037 887 1148 977 odeo,
1172 901 1216 957 ut
1241 909 1293 958 ex
1326 887 1473 986 tripode
1507 887 1613 990 dieta
1648 887 1821 956 universa
1853 882 2004 956 credat.

351 916 454 1064 ilinc
481 992 658 1062 veritatis
685 988 927 1084 indagandae
953 1009 1079 1076 causa,
1099 988 1257 1058 modeste
1276 985 1490 1074 dissentire,
1507 990 1606 1056 nulli
1622 983 2006 1086 opprobriosuturum

352 1091 508 1180 confido.
540 1089 742 1160 Caeterum
769 1088 869 1190 quod
897 1093 1089 1160 materiam
1116 1089 1300 1183 concisius
1335 1089 1663 1174 consideraverim,
1694 1109 1806 1183 quom
1839 1107 1877 1156 se
1909 1086 2008 1154 alias

348 1212 419 1288 per
445 1193 549 1260 corin
577 1200 843 1261 contractuum
869 1201 1008 1272 genero
1033 1187 1234 1286 diffundit,
1260 1209 1401 1284 aequus
1427 1191 1545 1258 lector
1561 1185 1691 1273 juveni
1718 1181 1856 1267 adlsue,
1880 1195 1918 1252 et
1943 1185 2007 1252 cui

353 1292 668 1376 dissertationem,
697 1312 770 1358 non
796 1287 934 1360 librum
961 1288 1143 1374 scribere,
1169 1292 1317 1359 animus
1341 1283 1452 1384 fuit,
1473 1285 1598 1386 facile
1630 1281 1874 1369 condonabit,
1905 1277 2008 1384 [brie

353 1391 471 1458 otium
495 1388 702 1485 aliquando
728 1405 795 1460 aut
821 1394 973 1476 occasio,
998 1411 1094 1487 qnae
1121 1393 1161 1458 in
1182 1393 1374 1484 praesenti
1401 1383 1731 1475 desiderabantur,
1755 1385 1926 1482 supplere
1951 1403 2006 1453 co-

349 1491 452 1586 piam
470 1486 611 1589 saoiet,
639 1511 737 1562 nunc
764 1489 863 1588 quod
888 1487 992 1562 Deus
1008 1486 1120 1588 filix
1147 1491 1258 1560 veliti
1283 1493 1333 1558 sit

868 1739 1144 1810 escars
1193 1741 1478 1812 soture

1015 1925 1334 2016 occurs

947 2095 1004 2162 De
1025 2121 1176 2168 versura
1201 2102 1236 2167 iu
1258 2123 1393 2192 genere.

585 2291 605 2343 S
627 2293 654 2347 U
669 2293 701 2346 dl
717 2291 753 2344 M
766 2290 795 2343 A
813 2293 838 2344 ll
856 2289 918 2343 tA

1205 2375 1228 2432 t·
1251 2371 1276 2425 1.
1293 2319 1459 2426 Vertar-ae
1471 2367 1624 2424 vocabalum
1637 2367 1718 2422 verbo
1726 2379 1825 2424 vertere
1835 2365 1964 2436 originem
1977 2365 2022 2420 sle·

352 2449 486 2506 Vocabuli
500 2467 621 2508 sersus-se
638 2453 814 2524 etymologia.
829 2451 958 2520 Eiutdm
973 2453 1158 2522 bomonymia.
1208 2453 1279 2518 bers,
1298 2455 1414 2511 nominis
1434 2470 1512 2508 sonus
1532 2454 1585 2508 iere
1605 2454 1715 2515 instincte
1734 2463 1773 2508 est
1790 2452 1915 2523 quonism
1943 2451 2021 2506 seriis

382 2535 455 2602 (laid
468 2536 706 2604 agrimensoribus,
729 2539 794 2608 quid
811 2535 976 2598 architectis,
1000 2537 1066 2605 auid
1089 2541 1158 2607 agri·
1206 2540 1401 2606 acceptionibus
1412 2538 1565 2606 expositum
1585 2537 1723 2607 reperitur,
1737 2553 1802 2605 quse
1821 2535 1954 2606 proposito
1967 2552 2024 2588 soen

378 2619 503 2673 culturae
518 2621 561 2674 sit.
584 2623 724 2690 (istomodo
738 2631 827 2676 autem
839 2623 1014 2686 permutandi
1031 2625 1159 2692 quamvis
1207 2621 1379 2690 respondeat,
1396 2620 1588 2690 sesbiloqnium
1608 2619 1830 2690 praemittendum
1849 2619 1929 2671 eluxi.
1954 2617 2021 2672 Naro

377 2700 517 2771 significet.
534 2703 675 2771 Quomodo
693 2701 886 2770 prosperiore,
900 2715 928 2755 et
943 2707 1048 2773 perstem
1060 2724 1112 2774 pro
1125 2726 1157 2762 eo
1205 2705 1393 2770 agrimensores
1411 2719 1536 2759 cessurae
1553 2719 1602 2772 pro
1619 2705 1722 2773 anguiis
1740 2713 1856 2766 sumisnt,
1868 2703 1962 2772 quibos
1973 2712 2026 2754 ter·

375 2787 618 2850 quoaesaiienum
631 2785 801 2838 dissolvatur.
822 2785 895 2838 Vera
913 2803 1032 2841 versurae
1055 2789 1160 2844 indoles
1207 2786 1273 2853 taini
1294 2785 1395 2856 imponi
1415 2786 1515 2851 soient,
1535 2785 1567 2839 its
1586 2787 1657 2838 enim
1684 2800 1715 2837 ex
1738 2785 1844 2838 saeculo
1868 2785 1969 2835 Flacca
1993 2783 2026 2836 de

376 2885 446 2933 qnae
457 2868 499 2918 sit.
512 2866 645 2919 Probotio
658 2865 734 2936 quod
742 2884 792 2937 pro
804 2871 882 2921 omni
897 2873 1097 2939 permutatione
1119 2876 1159 2929 di·
1206 2866 1409 2923 eonditions'bus
1428 2885 1558 2940 aprorum
1575 2880 1602 2923 et
1620 2869 1727 2941 quidem
1745 2871 1779 2922 de
1797 2867 1920 2922 terminis
1927 2867 2027 2936 fictili·

376 2941 525 3013 censuerit.
544 2948 678 3002 Rationes
697 2967 746 3002 cur
762 2967 813 3014 pro
840 2963 932 3005 mutuo
947 2955 1082 3024 soenebsi
1101 2959 1161 3028 aera·
1207 2953 1256 3004 bns
1272 2952 1407 3018 ponendis
1425 2963 1528 3021 agente,
1549 2954 1693 3007 Selenesios
1706 2963 1832 3006 recenset:
1844 2951 1895 3002 alii
1903 2961 2024 3005 tantum·

266 3027 270 3034 ’
375 3027 549 3084 dissolvendo
562 3033 731 3098 sumpserint.
748 3034 915 3086 Vertumnus
930 3037 1005 3092 Dens
1023 3037 1072 3107 qui
1093 3049 1158 3090 aete·
1207 3036 1285 3088 modo
1303 3037 1333 3090 in
1351 3037 1484 3100 censoru,
1500 3036 1549 3090 olii
1566 3039 1594 3090 in
1613 3036 1782 3106 longioribus
1797 3035 1895 3101 spaciis
1911 3046 1959 3088 eto·
1991 3037 2027 3089 iis

373 3109 550 3179 sibnsfuerit.
562 3115 676 3165 Vereuso
692 3115 904 3182 nonpecuniam
918 3117 1029 3171 aeirem
1041 3116 1161 3187 foenori
1208 3119 1382 3186 manfistum
1399 3122 1435 3174 sit
1452 3139 1583 3176 versuras
1600 3123 1658 3174 sat's
1676 3121 1761 3190 signis
1773 3120 1916 3173 observari
1926 3121 2027 3172 debere.

370 3205 515 3263 surreptam,
529 3195 579 3246 sed
595 3199 687 3259 potins
711 3198 800 3266 ipsum
818 3210 987 3254 contractum
1009 3203 1157 3257 denotamt.
1208 3202 1355 3256 Architecti
1374 3206 1451 3258 etism
1471 3206 1626 3274 angolorum
1649 3203 1733 3256 flexus
1753 3204 1780 3255 in
1803 3202 1947 3272 perietibus
1972 3203 2026 3254 site

373 3281 504 3330 versasse
516 3277 665 3341 descriptio.
693 3283 749 3334 Cur
757 3281 833 3355 juris
850 3284 989 3352 gentium,
1010 3284 1156 3355 etquidem
1206 3287 1349 3341 exteriores
1368 3289 1424 3342 eise
1442 3287 1585 3342 interiores
1602 3303 1732 3342 versuras
1759 3286 1846 3338 elicere
1863 3285 1932 3338 soliti
1952 3296 2024 3338 sont.

372 3371 526 3416 contractus
537 3362 727 3420 innominatus
737 3363 843 3420 siclin
861 3383 964 3420 sessore
985 3385 1043 3422 non
1064 3369 1155 3422 nomi·
1207 3370 1244 3422 Ac
1262 3370 1292 3424 ln
1309 3373 1485 3442 agriculture.
1503 3372 1548 3425 obi
1567 3371 1598 3424 ed
1618 3371 1695 3422 naias
1712 3369 1778 3423 salci
1802 3365 1885 3421 finem
1910 3376 2024 3419 aratrum

375 3454 470 3498 natam
483 3445 619 3499 aetimm
631 3445 700 3500 dari.
714 3449 794 3502 lnter
810 3448 970 3504 nominatos
991 3461 1017 3504 et
1040 3451 1158 3506 innomi·
1207 3458 1325 3524 persenit
1339 3492 1347 3520 ,
1363 3467 1388 3512 et
1405 3456 1433 3510 in
1452 3457 1534 3512 elimo
1551 3457 1711 3510 flectendum
1729 3465 1848 3525 pestem,
1867 3465 2025 3516 terrenam,

373 3538 620 3582 notescoatraetue
638 3528 880 3601 differentiamp'os
896 3532 1016 3604 gentium
1034 3534 1156 3591 introdu·
1207 3537 1284 3602 fieri,
1310 3538 1453 3591 Columella
1478 3539 1646 3594 enunciavit.
1671 3538 1782 3606 Proprie
1808 3536 1889 3604 sangis
1914 3552 1961 3604 pro
1985 3550 2026 3586 re·

373 3611 454 3704 ¹nisse.
467 3611 597 3678 Eisudsm
619 3614 718 3667 asserti
736 3617 866 3671 rationes.
889 3619 1048 3674 Contractus
1064 3639 1158 3676 omnes
1207 3622 1255 3674 bos
1274 3621 1387 3676 invicem
1407 3621 1594 3692 permntendie
1615 3636 1747 3691 maere,
1774 3629 1803 3672 nt
1827 3635 1874 3690 pro
1898 3619 2016 3689 pluribus

365 3709 431 3765 pare
441 3695 557 3762 gentium
569 3696 686 3764 ejusdem
699 3699 838 3767 ffoaciae
845 3699 939 3770 fuisse
949 3703 1015 3775 jare
1036 3709 1156 3774 gentium
1209 3707 1356 3760 Selmssiae
1384 3707 1452 3762 mihi
1477 3707 1534 3770 sit,
1557 3706 1582 3760 is
1605 3705 1651 3758 lib.
1679 3707 1704 3758 1.
1727 3704 1761 3758 de
1789 3719 1863 3759 usar.
1890 3720 1950 3772 cap.
1981 3703 2025 3754 12.

372 3775 517 3842 primaeuo.
532 3778 586 3829 Jus
595 3778 716 3847 gentium
728 3780 915 3836 secundarium
928 3786 1037 3838 demum
1049 3788 1156 3853 qur'biu·
1204 3808 1232 3857 p.
1271 3807 1307 3840 m.
1338 3789 1399 3842 333.
1431 3777 1561 3844 tesietars
1590 3788 1791 3858 nesubtnsssrs
1821 3807 1891 3856 quoe
1920 3784 2020 3840 aliena

374 3857 437 3907 dam
449 3857 562 3927 negotiis
574 3867 675 3912 eertum
687 3877 788 3913 nomen
798 3862 907 3916 dedisse.
926 3865 985 3920 Cur
996 3865 1090 3920 iisdem
1101 3886 1156 3921 cer·
1208 3883 1299 3934 eneas,
1324 3884 1354 3929 ut
1376 3875 1501 3942 vendat,
1526 3889 1663 3928 sessuram
1680 3868 1803 3942 ficere,
1821 3867 1959 3921 denotsre.
1989 3868 2023 3920 tt-

373 3949 565 4036 tnrnnnomen,
583 3951 609 3994 et
631 3947 768 4012 quomodo
789 3946 908 4000 dederit.
929 3951 1058 4004 Actiones
1074 3951 1157 4004 etiam
1207 3957 1235 4007 tit
1261 3972 1309 4024 pro
1334 3957 1392 4025 ipso
1421 3965 1511 4009 moino
1535 3956 1584 4009 sob
1611 3955 1698 4009 essoris
1721 3971 1766 4007 seo
1791 3951 1899 4006 ioenore
1924 3969 2020 4022 suppo-

370 4023 1159 4120 sftitsmiurrssensnt·Ejurmsentmsnnee.nomam·
1207 4051 1292 4100 nunt.
1317 4057 1393 4108 quens
1412 4040 1494 4094 solem
1520 4039 1638 4092 eooebnli
1661 4037 1798 4107 genuinam
1817 4037 1871 4091 sisa
1891 4036 1968 4090 modo
1985 4036 2022 4090 di·
2048 4051 2052 4056 '

374 4108 506 4160 ‘illenim'
520 4107 807 4176 arnmtartonnema
820 4115 994 4169 rationemin
1007 4120 1158 4175 nominatis
1206 4133 1264 4176 ctos
1283 4122 1429 4177 Selmesius
1454 4125 1485 4176 in
1507 4123 1577 4176 libro
1603 4139 1653 4176 suo
1677 4121 1826 4190 posteriori
1840 4122 1873 4174 de
1892 4120 1972 4174 modo
1991 4141 2022 4176 ss·

372 4200 397 4241 et
408 4189 584 4244 innominatis
602 4192 783 4246 contractibus
802 4193 985 4253 reddiderunt.
1009 4197 1156 4268 Qualiter
1204 4223 1289 4261 saror.
1305 4225 1329 4262 c.
1346 4208 1372 4259 ·t.
1387 4226 1413 4278 p.
1434 4224 1470 4258 m.
1488 4206 1550 4258 333.
1568 4205 1670 4272 soluite
1689 4222 1722 4260 ne
1740 4205 1817 4260 serbe
1835 4204 1919 4273 ipsios
1945 4205 2022 4262 dini.

373 4273 417 4326 “⁸⁸-
433 4275 563 4342 Qssl‘dW
581 4277 910 4348 ⁶⁰“50ml'lll8111'80‘ss71’12
924 4281 943 4333 1·
956 4284 982 4333 7·
995 4289 1016 4345 §-
1041 4283 1109 4352 Μ’-
1126 4284 1153 4337 d·
1204 4291 1320 4354 molem,
1340 4291 1377 4341 its
1396 4297 1502 4342 sonent:
1521 4303 1630 4340 versura
1653 4285 1785 4342 Romanis
1809 4303 1865 4339 non
1882 4299 1930 4350 pro
1954 4285 2019 4338 sim·

369 4369 440 4427 pact.
461 4360 534 4428 Quid
552 4365 730 4431 ennae-layna
750 4361 866 4432 proprie.
887 4366 1030 4435 Negotium
1050 4369 1155 4440 quidem
1199 4373 1263 4440 plici
1279 4373 1467 4434 mutuatione,
1484 4371 1532 4424 sed
1546 4387 1598 4437 pro
1607 4369 1740 4440 foenebri
1762 4378 1870 4426 tantum
1897 4377 1924 4421 et
1951 4388 2021 4440 quoe

372 4441 569 4509 iaquibasdam
582 4444 764 4498 contractibus
775 4443 956 4502 innominatie
972 4449 1054 4506 etiam
1078 4468 1152 4518 esse,
1203 4455 1322 4509 redditur
1349 4471 1409 4508 oum
1437 4461 1570 4524 quaestu.
1603 4451 1659 4504 titt
1688 4461 1778 4504 contre
1809 4463 1943 4504 versuram
1972 4450 2022 4504 isle

372 4527 487 4580 sednon
499 4545 550 4594 pro
563 4545 654 4590 causa,
669 4539 699 4581 ut
710 4531 739 4580 in
757 4530 783 4581 d.
803 4531 821 4583 l.
838 4533 864 4586 'l-
883 4533 1023 4587 Vectorem
1042 4547 1146 4588 coatra-
1201 4539 1306 4588 demum
1330 4535 1421 4587 scenos
1441 4533 1566 4586 decutere
1584 4541 1732 4594 antumant,
1749 4529 1818 4598 qiud
1836 4527 1868 4582 ael
1892 4545 1936 4580 ees
1960 4529 2019 4582 elie·

374 4620 444 4662 num
457 4609 658 4664 innominatum
671 4609 877 4678 recredici,lioet
890 4615 1070 4682 justinianeae
1081 4617 1150 4688 leges
1201 4635 1264 4671 noos
1288 4617 1485 4670 dissolvendam
1504 4615 1623 4679 sumitur,
1641 4613 1743 4682 dequo
1761 4614 1830 4664 inter
1849 4612 1938 4681 plores
1950 4611 2021 4665 Geir·

371 4692 490 4763 ejusdem
502 4691 554 4744 oin
561 4689 685 4758 fecerint
704 4695 872 4749 mentionem.
890 4697 1070 4755 Contrarium
1094 4719 1149 4755 mo·
1199 4701 1295 4752 herdae
1314 4719 1350 4752 aa
1368 4699 1451 4752 Festo
1468 4700 1591 4760 Donato,
1609 4708 1635 4750 et
1653 4696 1716 4750 aliis
1734 4698 1761 4746 in
1775 4695 1845 4748 notis
1863 4695 1944 4749 Corn.
1969 4695 2020 4749 Ne·

374 4776 438 4827 dum
450 4774 590 4844 obligandi
599 4792 665 4845 esse,
677 4795 735 4830 non
749 4789 778 4832 nt
796 4779 879 4848 uolgo
897 4780 1018 4836 creditur
1037 4801 1148 4840 concers·
1193 4796 1252 4853 pot.
1271 4781 1310 4836 ad
1328 4781 1414 4834 uitam
1435 4783 1518 4833 Attio.
1537 4797 1561 4832 e.
1578 4779 1603 4830 3.
1623 4779 1686 4847 Aug.
1706 4777 1873 4832 Buehnerius
1886 4779 1925 4833 ad
1935 4779 2017 4832 lenio.

374 4859 484 4912 tionem.
509 4859 615 4914 Asserti
633 4862 714 4918 ratio.
741 4861 796 4915 Cur
812 4879 934 4914 tenurae
958 4863 1150 4934 lucrifaciendi
1196 4863 1282 4916 Basil.
1300 4863 1385 4916 Febr.
1398 4881 1461 4914 uoe.
1472 4878 1589 4916 sessuro.
1612 4861 1652 4914 Et
1671 4873 1736 4921 ante
1754 4863 1915 4916 salmasium
1932 4861 2021 4913 critr'ci

372 4940 461 5011 pratia
465 4939 551 5011 fiant.
567 4941 640 5008 (laid
648 4955 755 4996 trocare
775 4945 839 5011 quid
850 4947 923 4999 troci
933 4945 975 4998 rel
991 4948 1083 5017 biguae
1099 4967 1148 5003 no·
1186 4944 1254 5017 fise
1266 4965 1371 5000 omnes·
1385 4947 1480 5001 Neutri
1492 4943 1614 5016 opinioni
1629 4959 1676 4998 oco
1687 4945 1811 5012 rationes,
1819 4961 1867 4997 oea
1879 4945 2018 4997 auctorite·

375 5023 447 5077 mitte
458 5023 554 5080 venial.
563 5028 690 5078 versurae
701 5026 861 5082 vocabulum
876 5045 1016 5096 nunquam
1029 5034 1146 5086 mutatio.
1200 5042 1238 5084 tes
1252 5029 1356 5084 desunt.

374 5122 436 5160 nem
450 5103 607 5188 affectionis
618 5111 709 5178 gratio
721 5111 877 5174 denotasse,
889 5115 937 5163 seri
952 5115 1022 5166 idem
1041 5116 1149 5185 latinis,
1233 5113 1256 5188 5.
1278 5115 1305 5166 2.
1323 5116 1430 5169 Priores
1450 5115 1610 5186 receptiones
1628 5129 1674 5168 cen
1693 5113 1825 5180 penereles
1836 5110 1958 5177 nimiam,
1972 5130 2018 5168 ex·

374 5189 449 5259 quod
458 5189 562 5259 graecis
583 5193 780 5264 peroptamus·
799 5195 855 5248 Cur·
874 5193 1013 5266 descriptio
1032 5215 1151 5257 versurae
1201 5215 1238 5257 trs
1258 5205 1423 5274 propositum
1444 5213 1513 5263 eunt,
1526 5219 1586 5252 oum
1599 5199 1683 5253 tribue
1695 5199 1883 5270 posterioribus
1898 5201 1931 5254 'tte
1944 5217 2016 5252 corn·

371 5271 629 5340 ll⁰⁸⁰²0fl¹⁶l¹⁰f0
648 5275 821 5346 ''mistim'‘
848 5281 1020 5334 mentionem.
1045 5289 1152 5340 Asterti
1201 5301 1313 5358 mestum
1333 5303 1434 5341 censeo:
1458 5303 1582 5340 cessurae
1600 5285 1722 5338 eoccbnio
1741 5285 1810 5336 irem
1829 5284 1898 5354 quoti
1927 5285 2017 5354 pleris-

374 5359 455 5423 ratio,
474 5361 547 5442 quod
560 5378 609 5430 per
625 5379 755 5413 terentesn
774 5379 883 5426 semper
897 5365 1005 5434 fisenus
1029 5381 1150 5437 respecta
1199 5387 1248 5438 qtse
1268 5371 1358 5422 latinis
1377 5389 1426 5423 usu
1448 5369 1561 5432 senisse,
1582 5377 1609 5418 ot
1629 5384 1723 5420 nomen
1749 5367 1836 5436 primo
1863 5368 2016 5420 sustinuerit

374 5441 464 5494 lechito
478 5442 516 5496 cd
528 5445 639 5514 aliquod
648 5443 782 5514 negotium
793 5451 909 5500 denotet.
923 5448 1040 5513 Poenus,
1051 5469 1108 5504 non
1123 5464 1151 5506 nt
1199 5455 1302 5521 generis
1323 5465 1348 5504 et
1367 5468 1528 5521 quocumque
1548 5451 1626 5504 motio
1645 5469 1685 5504 res
1703 5451 1814 5506 insieesn
1833 5449 1887 5502 eise
1900 5467 2015 5504 'nummo

374 5524 458 5593 volgo
468 5527 593 5589 creditur,
608 5545 658 5582 nro
672 5545 760 5584 usura
770 5533 879 5596 proprie
891 5532 969 5596 sumi,
981 5535 1028 5584 red
1043 5544 1150 5604 tantum
1202 5537 1402 5598 interveniente,
1422 5535 1477 5588 eise
1496 5549 1536 5587 ses
1554 5551 1603 5601 pso
1621 5535 1939 5596 testimomonium
1952 5531 2012 5587 fleri

376 5609 569 5676 synecdoclrice.
584 5613 716 5666 Rationes
730 5614 873 5679 opinionis.
887 5614 1098 5682 llarimperator·
1116 5619 1148 5671 de
1200 5621 1269 5674 diets
1288 5621 1336 5686 sit,
1364 5630 1450 5689 postes
1475 5617 1507 5670 de
1529 5619 1584 5672 sola
1608 5631 1699 5672 mosao
1723 5631 1750 5674 et
1775 5623 1929 5692 plerumque
1954 5633 2014 5671 core

376 5693 486 5746 nordico
489 5695 622 5764 foenore,
636 5715 693 5749 non
707 5699 819 5752 nauticis
832 5699 921 5751 usuris
935 5699 1041 5754 titulant
1060 5699 1148 5756 talue—
1199 5703 1314 5756 solvendi
1334 5703 1402 5754 seris
1420 5700 1501 5754 alieni
1519 5720 1595 5753 cesses
1614 5715 1728 5758 motuum
1755 5715 1885 5773 sumptum
1914 5702 2019 5773 precili-

377 5783 421 5834 rit.
435 5779 573 5851 Ils'gressio
586 5781 624 5836 ad
633 5795 711 5852 capot
722 5785 874 5840 secundnm.
1199 5789 1322 5841 caverint.
1340 5783 1405 5838 Com
1426 5802 1485 5839 esso
1504 5797 1602 5839 sereres
1621 5799 1710 5842 nutrio
1729 5791 1871 5860 sumpsisse
1884 5803 2017 5868 appareat,
