4460 6208
638 375 969 460 otsvcrsrto
986 371 1196 454 uncins
1215 363 1459 452 SEPTIMA

515 587 1561 720 bb‘lffibbllfflb

720 875 762 920 so
784 876 861 924 nisu
875 852 928 944 sb.
951 872 1136 920 surmus
1157 871 1188 916 s.
1211 867 1360 918 unctum.

923 1079 1097 1126 mmm!
1102 1082 1139 1122 n

636 1251 1007 1330 GUALTER
1066 1243 1445 1318 NEUHAUS.

828 1558 1279 1602 —sesosos—

872 1827 1207 1924 conv

213 2010 448 2205 Infelicius
474 2105 622 2176 omnino
648 2099 856 2176 humanum
881 2121 998 2196 genus
1013 2095 1173 2198 suisset,
1199 2099 1231 2170 si
1257 2102 1428 2173 universi
1454 2095 1571 2200 hujus
1587 2111 1713 2198 partes
1738 2119 1873 2200 aequa-

210 2215 264 2282 lis
292 2209 520 2278 entitissent
548 2203 702 2294 indolis3
725 2221 844 2296 genus
870 2203 969 2270 enim
995 2199 1094 2269 idem
1122 2203 1177 2271 vel
1202 2203 1468 2290 sterilitatem,
1494 2205 1550 2271 vel
1565 2199 1872 2298 foecunditatem

210 2309 361 2382 cunctis
389 2307 620 2390 induxisset,
646 2323 809 2400 quarum
835 2312 973 2372 neutra
998 2297 1189 2372 bominum
1214 2299 1426 2397 suffecisset
1452 2303 1642 2372 societati.
1665 2296 1764 2372 Cum
1789 2321 1874 2372 vero

210 2405 372 2503 provida
397 2428 526 2478 rerum
553 2414 672 2474 mater
697 2416 839 2473 natura
865 2403 963 2472 alias
988 2412 1093 2470 aestu
1120 2403 1319 2488 torruerit,
1343 2404 1441 2469 alias
1466 2401 1701 2472 damnaverit
1718 2397 1769 2472 ad
1785 2397 1874 2471 bru·

208 2531 301 2596 mas,
327 2507 416 2576 aliis
442 2527 495 2578 ex
521 2516 682 2602 utroque
703 2503 928 2574 concesserit
954 2511 1285 2598 temperamentum
1294 2521 1310 2584 ,·
1335 2501 1460 2569 altera
1487 2503 1646 2570 alterius
1671 2521 1737 2599 ope
1770 2497 1871 2572 indi·

208 2629 315 2702 gens,
340 2607 652 2677 conservatricem
677 2605 796 2672 omnis
822 2601 1012 2671 societatis
1038 2602 1185 2694 genuit,
1212 2599 1488 2669 commercium.
1516 2595 1585 2667 En
1616 2622 1689 2696 quo
1723 2601 1874 2671 virtuti-

207 2704 276 2778 bus
294 2708 448 2800 pariter
472 2719 509 2775 et
527 2699 714 2804 frugibus
736 2703 918 2800 pretium,
944 2723 987 2772 ac
1015 2697 1142 2771 labore
1167 2698 1360 2797 quaesitae
1385 2699 1509 2766 valent
1532 2718 1629 2790 opes.
1656 2695 1787 2794 Ipsum
1804 2723 1873 2770 au·

210 2819 285 2876 tem
311 2807 573 2876 commercium
600 2823 777 2874 versurae
804 2802 950 2900 natales
975 2797 1121 2891 debere,
1140 2797 1368 2894 praesertim
1385 2797 1632 2896 antiquitatis
1643 2798 1869 2893 peritissimi

204 2905 406 3004 fatemur,-
431 2905 521 2977 dnm
548 2905 647 2974 enim
671 2915 781 3000 poeta
807 2913 926 2992 teste,

483 3021 572 3099 Non
598 3023 727 3096 eadem
753 3027 869 3096 tellus
889 3026 1001 3123 parit
1026 3025 1165 3114 omnia,
1190 3021 1326 3096 vitibus
1352 3023 1422 3094 illo

535 3121 741 3216 Convenit,
766 3123 859 3198 baec
885 3127 998 3216 oleis,
1026 3123 1094 3197 bic
1120 3123 1210 3198 bene
1224 3120 1345 3224 sarra
1370 3127 1506 3220 vigent.

210 3247 310 3323 Gens
335 3247 429 3328 baec
445 3245 589 3346 fruges
614 3269 705 3318 suas
727 3268 813 3319 aum
840 3248 931 3316 aliis
959 3246 1173 3343 pecoribus,
1200 3251 1256 3320 vel
1275 3267 1412 3345 pecora
1436 3267 1522 3322 cum
1547 3247 1733 3338 metallis,
1751 3255 1872 3346 prout

212 3373 304 3422 usus
330 3363 422 3423 tunc
448 3343 641 3439 suadebat,
668 3349 802 3456 vertis:
830 3349 891 3418 uti
916 3343 1061 3418 Persius
1085 3360 1156 3419 sat.
1184 3372 1214 3420 v.

489 3469 599 3542 Tolle
625 3493 753 3544 recens
775 3473 925 3569 primus
946 3471 1057 3570 piper
1084 3494 1104 3546 e
1128 3475 1282 3546 sitiente
1305 3471 1456 3544 camelo.

539 3567 647 3648 veru
672 3571 832 3669 aliquid,
851 3575 960 3663 jura.

216 3695 342 3796 Usque
367 3693 458 3768 dum
483 3717 628 3768 versura
655 3697 795 3768 iterata
820 3721 843 3768 a
870 3695 1004 3767 vicinis
1028 3693 1204 3794 gentibus
1229 3697 1426 3770 invexerit
1451 3693 1725 3780 commercium,
1752 3697 1874 3770 etsie

208 3799 369 3870 invicem
396 3817 480 3867 cum
509 3793 688 3868 mercibus
713 3797 1072 3870 enterisvirtutum
1086 3793 1191 3896 fecit
1212 3801 1429 3896 participes.
1452 3794 1595 3872 Verum
1612 3794 1707 3890 quid
1726 3817 1871 3868 versura

200 3893 346 4000 fuerit,
373 3915 509 3966 numne
536 3899 684 3968 natales
710 3898 891 3986 tenuerit,
918 3917 1054 3968 numne
1076 3921 1275 3994 progressa
1301 3899 1478 3984 ulterius,
1503 3896 1569 3993 qui
1594 3890 1704 3965 bodie
1721 3915 1794 3962 usu
1812 3917 1873 3966 va-

208 4002 308 4084 leat,
332 4016 435 4067 nemo
456 4015 532 4091 qua
557 3993 742 4068 bactenus
767 3993 861 4068 milti
887 3996 1070 4084 constitit,
1089 4014 1358 4096 praeterquam
1383 3994 1485 4093 quod
1509 3995 1667 4092 sparsim
1693 3997 1774 4084 ejus
1801 4016 1876 4064 me-

212 4097 402 4184 minerint,
422 4095 616 4195 peculiari
641 4097 850 4194 explicavit
886 4099 1134 4167 tractatione.
1160 4096 1305 4196 Operae
1332 4097 1500 4192 pretium
1532 4095 1660 4190 itaque
1680 4089 1871 4187 futurum

210 4189 416 4290 sperabam,
443 4197 475 4264 si
501 4195 798 4266 exercitationis
825 4195 902 4268 vice
924 4192 1074 4292 publice
1099 4193 1302 4285 habendae,
1326 4216 1403 4291 qua
1429 4194 1573 4289 ingenii
1599 4193 1694 4262 vires
1719 4191 1870 4282 sinunt,

211 4291 377 4366 eamdem
404 4303 618 4365 tractarem.
645 4291 795 4366 Dubius
820 4293 972 4392 quidem
996 4297 1122 4366 animo
1144 4295 1210 4367 diu
1235 4294 1354 4383 baesi,
1370 4291 1462 4365 dum
1486 4290 1590 4388 apud
1609 4291 1794 4386 plurimos
1811 4313 1870 4362 vo-

210 4389 400 4476 cabulum,
426 4392 741 4487 significationem
766 4393 871 4492 apud
891 4395 1138 4489 paucissimos
1164 4395 1378 4492 repererim,
1406 4394 1477 4464 imo
1503 4394 1625 4462 multa
1651 4395 1871 4487 conjectura

209 4488 438 4590 quandoque
463 4496 611 4591 assequi
640 4491 851 4582 habuerim
878 4497 968 4566 vicit
994 4507 1119 4566 tamen
1136 4495 1279 4567 sciendi
1297 4490 1425 4583 ardor,
1442 4504 1480 4564 et
1499 4493 1692 4582 materiae,
1711 4503 1756 4562 ut
1774 4487 1868 4564 mibi

211 4595 292 4663 visa
317 4591 485 4659 utilitas.
511 4591 571 4663 De
598 4591 766 4666 methodi
793 4596 955 4684 ratione,
980 4597 1045 4668 cui
1070 4592 1133 4666 bic
1159 4593 1384 4684 studuerim,
1405 4588 1579 4691 praefari
1604 4593 1790 4687 operosius
1806 4614 1869 4663 su·

204 4711 478 4790 pervacaneum
503 4690 618 4783 duxi,
643 4691 768 4766 eadem
794 4696 930 4794 quippe
954 4717 1010 4768 ex
1035 4699 1219 4792 cujusque
1245 4696 1435 4790 sequentis
1458 4693 1595 4788 capitis
1618 4693 1773 4764 summis
1804 4715 1869 4789 ap·

209 4788 380 4890 parebit:
408 4793 596 4886 integram
622 4791 728 4866 moda
750 4795 1015 4866 tractationem
1040 4792 1184 4866 duabus
1196 4791 1373 4892 partibus
1390 4791 1597 4881 includam,
1612 4813 1774 4891 quarum
1786 4795 1866 4888 pri·

211 4917 271 4962 rna
299 4912 465 4963 versurae
490 4889 663 4984 natales,
689 4907 727 4965 et
752 4891 933 4992 quomodo
958 4897 1186 4990 generaliore·
1218 4891 1488 4990 significationi
1509 4899 1706 4990 patuerit,
1742 4894 1868 4964 attera

211 4989 389 5088 quomodo
414 4992 663 5064 invalescente
688 5005 812 5066 aetate
837 4997 1093 5090 specialiorem
1116 4993 1394 5068 denotationem
1424 4989 1623 5082 induerit,
1648 4985 1869 5064 exhibebit.

211 5091 250 5160 A
277 5093 483 5160 multorum
509 5105 706 5165 auctorum
731 5096 910 5164 citatione
935 5106 973 5164 et
997 5095 1273 5165 auctoritatum
1288 5099 1478 5167 variarum
1494 5093 1774 5165 coacervatione
1792 5113 1865 5163 me·

211 5203 286 5262 met
310 5189 402 5262 data
427 5212 541 5289 opera
565 5184 748 5282 obstinat,
771 5215 814 5264 ne
839 5195 881 5263 in
907 5193 1020 5291 Lipsii
1046 5192 1155 5266 istud
1181 5191 1400 5268 inciderim:
1427 5193 1554 5266 novitii
1580 5193 1771 5264 commatis
1799 5203 1865 5264 eut

210 5290 324 5362 enimi
354 5293 436 5362 vani
463 5289 593 5380 videri,
617 5289 682 5388 qui
708 5289 845 5364 variam
873 5290 1078 5383 lectionem,
1105 5305 1246 5392 praeter
1269 5295 1517 5368 necessitatem
1544 5302 1642 5390 puto,
1676 5294 1873 5394 jactarent..

212 5387 256 5460 Si
282 5411 365 5462 vero
385 5413 456 5482 pro
470 5391 671 5486 firmanda
695 5397 882 5464 sententia
908 5391 1063 5467 aliunde
1081 5393 1177 5493 quid
1193 5393 1478 5494 desumpserim,
1496 5397 1616 5466 locum
1634 5389 1759 5486 fassus
1779 5411 1864 5463 sum

210 5491 384 5583 ingenue.
411 5489 531 5562 Plinio
557 5495 694 5604 quippe
719 5503 807 5563 teste
833 5495 936 5564 novi:
966 5497 1110 5590 ingenui
1138 5492 1285 5593 pudoris
1310 5493 1456 5590 pienum
1486 5517 1570 5582 esse,
1592 5519 1654 5593 pet·
1671 5517 1758 5592 quos
1779 5515 1863 5592 pro-

211 5589 336 5661 feceris
367 5589 483 5681 lateri,
510 5591 665 5662 inimicis
693 5603 816 5664 contra
840 5593 877 5662 in
902 5593 987 5681 enii,
1016 5594 1237 5692 deprehendi
1263 5591 1375 5667 malle
1403 5595 1441 5664 in
1468 5593 1590 5666 furto.
1617 5593 1801 5668 Attamen
1828 5603 1862 5667 si

206 5713 236 5760 ·a
260 5693 444 5763 communi
469 5693 640 5790 opinione
664 5713 843 5766 secessum
859 5619 992 5792 decere
1012 5693 1250 5794 quandoque,
1277 5697 1422 5772 veniam
1447 5717 1565 5793 spero,
1582 5691 1674 5768 dum
1700 5701 1865 5793 ingenue
