4374 6216
388 290 424 344 ω
948 295 1136 353 orsrortr.
1160 303 1194 357 n.
1220 299 1336 360 conor
1360 305 1408 360 rr.
1932 305 1969 358 ⁶⁸

340 386 489 456 parientem
504 393 529 437 et
543 379 684 436 necantem
699 383 829 440 infantem
847 403 899 439 oon
919 386 1089 459 impediverit
1104 429 1111 456 ,
1130 411 1159 446 sc

265 484 318 538 ιιι
338 470 446 526 cederet
460 466 602 520 detoderis.
615 469 734 522 Dixeris:
748 469 825 522 sicuti
838 469 872 523 ob
884 473 1110 541 ratihabitionem,
1125 477 1157 530 its

337 553 406 623 qnod
426 549 557 622 impedire
574 552 721 621 neglexeris
747 551 850 608 lacinus
876 554 1006 620 ulterior,
1032 558 1157 614 delictam

337 652 390 690 oon
409 631 489 690 iacies
509 643 590 688 tuum.
612 635 707 688 darton.
727 635 823 688 Metth.
844 635 877 691 de
889 639 968 692 crim.
986 639 1026 694 tit.
1040 641 1073 695 de
1091 659 1155 712 poe·

265 721 320 777 112
337 717 387 770 nis.
407 735 428 769 c.
443 717 467 768 1.
485 735 513 769 ιι.
528 716 571 767 16.
589 714 618 768 in
638 713 696 784 fin.
715 715 805 771 Beue!
826 719 870 772 sed
889 733 963 776 estre
981 724 1100 780 ordinem
1121 737 1156 780 te·

1209 401 1271 455 licet
1288 403 1331 456 lex
1348 403 1439 458 civilis
1458 401 1574 472 bfeud.
1591 402 1635 457 211.
1655 399 1679 474 5.
1689 397 1750 472 fin.
1768 399 1830 455 ideo
1849 401 1915 457 iorte
1932 399 2023 456 lilium

1207 501 1286 542 eruet
1299 489 1384 555 leudo.
1412 493 1548 544 honestius
1561 501 1659 556 *temen
1683 498 1724 540 est
1740 488 1835 543 rerssri
1855 487 1882 540 in
1908 486 2022 550 (lemno,

1207 575 1304 636 (modo
1317 573 1356 628 sic
1369 575 1480 644 patriae,
1494 573 1609 644 principi
1621 582 1648 625 et
1662 573 1716 626 Deo
1729 573 1796 626 bsud
1809 571 1890 640 obsit)
1901 589 1980 638 emm
1991 573 2024 626 in

1210 656 1385 726 turpitudine,
1397 668 1426 710 et
1446 669 1513 710 tants
1528 658 1611 726 petris
1624 653 1767 719 beneficio,
1782 656 1859 708 unius
1872 665 1956 708 terrae
1967 656 2023 724 glo·

1209 737 1265 802 Ιιιι,
1277 759 1353 809 quem
1368 762 1382 794 a
1395 742 1502 794 domino
1516 740 1584 794 iorte
1602 741 1686 802 habet,
1699 750 1854 809 postponere
1868 757 1929 808 arg.
1943 757 1967 792 a.
1982 739 2024 792 in·

337 818 398 852 men
417 801 567 870 puniendus
586 817 626 864 es,
641 803 793 867 praesertim
819 804 847 856 in
867 807 1026 862 criminibus
1039 813 1158 880 exeeptis
1198 822 1303 890 fimes.
1317 825 1359 876 tr.
1375 843 1398 876 e.
1414 825 1440 874 3.
1453 844 1477 892 p.
1488 827 1513 873 1.
1535 825 1653 877 Absolvit
1666 825 1745 876 etiem
1760 840 1865 876 romane
1879 824 1922 875 les
1936 821 2022 878 filiurn
2042 816 2097 872 115

337 895 363 936 et
382 886 555 940 atrocissimis
573 907 596 944 r.
614 908 639 960 p.
658 892 741 942 laesae
760 890 920 957 mejestatis,
949 893 1087 960 perrieidii
1106 903 1156 947 ete.
1208 903 1253 970 qui
1269 915 1367 971 petrem
1380 904 1542 972 perduellem
1555 903 1681 956 occiditl.
1696 903 1738 956 33.
1757 900 1793 970 ff.
1814 902 1848 957 de
1863 903 1980 972 religios.
1997 915 2024 958 ct

338 969 465 1040 inprimis
483 981 605 1042 parentes
623 975 799 1042 negligentes,
818 974 862 1043 qui
887 975 1029 1042 prohibere
1053 977 1156 1032 debuis-

339 1066 405 1120 sent,
425 1073 473 1108 nee
491 1069 575 1110 tumen
597 1058 786 1128 prohibuerunt
806 1059 823 1110 l.
839 1057 899 1110 stt.
922 1066 944 1120 ς.
958 1061 1102 1130 maleficio.
1116 1059 1158 1131 ffi

337 1139 370 1190 de
382 1155 405 1190 r.
411 1156 436 1210 J
452 1157 511 1206 arg.
523 1159 545 1192 o.
562 1145 587 1192 1.
601 1141 633 1194 de
646 1141 770 1194 bomt'cid.
785 1142 812 1196 iu
827 1143 882 1196 dte.
906 1145 1027 1198 bisanch-
1045 1166 1070 1200 a.
1087 1149 1114 1220 j.
1133 1167 1157 1219 p.

268 1223 321 1277 113
339 1239 395 1276 cns.
409 1223 470 1277 313.
482 1225 569 1276 Julius
578 1225 670 1278 Clarus
684 1227 700 1278 l.
714 1227 740 1278 b.
754 1225 837 1294 §.fim
851 1247 876 1297 p.
889 1229 934 1280 86.
945 1247 972 1282 ιι.
981 1229 1006 1285 1.
1015 1231 1155 1302 Reliquum

342 1308 365 1359 si
384 1303 457 1360 filius
476 1309 598 1362 russsllos
617 1327 665 1379 pro
684 1310 791 1362 domiuo
810 1312 947 1374 militaret,
965 1321 992 1366 et
1010 1318 1157 1370 contrado·

342 1390 443 1444 minum
463 1401 622 1462 pugnantem
642 1392 853 1463 deprehenderet
874 1406 985 1466 petrem,
1005 1415 1102 1451 numos
1115 1419 1157 1470 pe·

268 1482 323 1536 ttt
344 1477 377 1531 tri
396 1493 505 1548 pureere
523 1487 620 1548 potest.
640 1490 667 1532 et
686 1481 724 1532 sic
743 1495 835 1533 nocere
853 1479 983 1535 domiuo?
1008 1482 1095 1536 Certet
1113 1485 1157 1538 hie

340 1561 492 1615 humenitss
510 1579 569 1614 cum
589 1561 709 1626 utilitate,
730 1563 857 1614 nutorslis
876 1563 920 1614 les
938 1581 996 1616 cum
1015 1564 1097 1630 cirili,
1116 1585 1159 1620 ns·

341 1656 398 1700 turs
415 1646 532 1715 gestitet
550 1657 618 1703 rotat
636 1647 736 1702 ermari
753 1658 845 1701 contra
867 1648 938 1703 ritae
961 1659 1114 1704 encmreru:
1132 1660 1160 1707 et

1207 984 1374 1055 sumptsua.
1390 999 1414 1040 et
1428 989 1520 1043 Zssius
1533 987 1573 1041 ad
1582 989 1609 1040 b.
1623 999 1643 1040 t.
1656 1006 1684 1042 ιι.
1697 989 1741 1040 12.
1761 987 1873 1041 duorum
1892 988 2022 1040 nobilium
2042 995 2097 1050 118

1208 1089 1221 1122 ι
1234 1069 1419 1124 rutulantum
1431 1075 1578 1142 exemplum
1593 1057 1687 1135 relerl,
1700 1093 1715 1124 s
1729 1071 1874 1142 parricidio
1888 1081 2025 1140 praetextu

1209 1155 1334 1208 utilitatis
1348 1158 1468 1226 publicae
1480 1170 1667 1211 excusatorem.
1681 1155 1717 1209 lit
1731 1159 1853 1225 mojorem
1869 1157 1895 1207 id
1909 1151 2025 1224 proillio
2043 1164 2098 1218 117

1208 1237 1338 1292 rationem
1353 1240 1435 1294 hebet.
1448 1241 1492 1310 qui
1507 1243 1604 1311 patritie
1617 1242 1713 1311 potius,
1725 1240 1767 1295 cai
1781 1259 1833 1294 non
1847 1243 1935 1295 minus
1947 1253 2025 1296 notus

1209 1339 1285 1390 qtrsm
1300 1323 1380 1390 petri,
1394 1325 1514 1388 salutem,
1527 1326 1643 1396 prirstse
1657 1323 1792 1396 praeferre
1803 1327 1901 1380 soluit.
1925 1329 1943 1378 l.
1955 1330 1982 1380 1.
2003 1337 2025 1393 §.

1210 1404 1306 1472 16.,θῖ
1325 1407 1359 1460 de
1381 1417 1475 1462 uentre
1497 1411 1525 1460 ia
1548 1425 1661 1480 possess.
1682 1410 1801 1462 mittenti.
1827 1409 1917 1464 Triste
1936 1420 2022 1464 temen
2041 1418 2096 1476 ΗΒ

1210 1489 1462 1558 petrise'serrendee
1475 1494 1623 1560 exemplum
1637 1504 1697 1556 est,
1716 1507 1742 1546 et
1762 1511 1885 1562 magnum
1910 1494 2024 1548 infelici·

1198 1573 1274 1626 ,tetis
1287 1574 1416 1629 humente
1430 1577 1616 1646 petroriniun,
1629 1577 1699 1648 quod
1713 1587 1803 1632 eontra
1822 1579 1939 1648 siugutos
1955 1581 2026 1634 utili-

1213 1664 1264 1710 lele
1277 1657 1381 1728 publice
1393 1660 1558 1732 rependitur.

1005 1821 1253 1895 CAPUT
1299 1829 1358 1899 IV.

639 2005 692 2070 De
721 2002 957 2070 misericordia
979 2002 1212 2096 intempestiua
1236 2012 1365 2077 intuitu
1387 2011 1566 2080 societatis
1590 2011 1717 2080 barilia.

577 2255 916 2310 SUMMARIA

339 2381 528 2439 Conneaeionis
541 2383 621 2438 ratio.
635 2402 664 2436 ιι.
680 2388 703 2437 1.

338 2471 497 2537 Antequam
508 2469 541 2520 de
552 2467 738 2538 intempestive
749 2468 982 2537 misericordibus,
995 2473 1094 2528 intuitu
1111 2491 1155 2531 so·

374 2553 482 2605 rietatis
493 2551 596 2617 baritis,
607 2554 640 2605 de
651 2553 823 2623 generalibus
833 2554 914 2628 lsujur
925 2557 1061 2613 societatis
1073 2575 1156 2628 ogen-

370 2639 436 2690 dnm
448 2640 538 2706 primo
553 2648 601 2688 est.
614 2657 642 2692 n·
655 2639 681 2689 2.

341 2721 415 2791 Quid
422 2723 459 2774 sit
468 2722 582 2776 societas
596 2721 709 2776 lterilis?
721 2742 748 2776 n.
762 2723 788 2776 3.

343 2805 415 2858 Talis
426 2806 540 2858 societas
552 2817 652 2860 contra
666 2814 796 2860 naturam
808 2826 865 2860 non
877 2819 927 2862 est.
942 2827 969 2863 ιι.
981 2810 1008 2863 1.

342 2890 423 2942 .Ιι1ιιι
440 2888 546 2958 quidem
565 2889 717 2945 servitutem
735 2903 833 2946 contra
850 2903 979 2950 naturam
1003 2913 1062 2950 esse
1084 2916 1154 2953 asse·

381 2973 427 3026 rit.
444 2991 471 3026 a.
492 2973 518 3026 b.

340 3057 396 3110 sed
418 3076 476 3110 non
499 3058 542 3112 uti
561 3057 718 3130 pbilosoplri
733 3059 842 3129 puidam
861 3080 923 3116 conr
942 3063 1073 3132 capiunt,
1091 3083 1156 3135 pua·

375 3142 402 3194 si
419 3161 478 3197 non
495 3144 611 3211 dentur,
629 3145 725 3217 quibus
743 3147 863 3206 maxime
881 3151 1008 3205 naturale
1025 3151 1061 3204 sit
1075 3149 1156 3206 serri-

374 3242 412 3277 re.
432 3245 460 3278 n.
478 3229 505 3279 6.

339 3309 462 3363 Medicus
478 3310 579 3382 aliquis
590 3315 683 3383 magni
693 3312 812 3366 nominis
823 3314 891 3369 tales
912 3315 1035 3372 bumana
1052 3319 1157 3378 anima·

372 3394 411 3448 lio
432 3412 490 3448 non
508 3397 627 3448 bominis
634 3397 729 3466 streete
745 3396 826 3450 dicit.
843 3415 872 3450 rr.
892 3399 917 3451 ’1.

342 3477 404 3544 Qua
418 3477 528 3531 ratione
539 3475 640 3530 disserit
651 3477 797 3550 imperator
807 3483 967 3536 servitutem
986 3499 1044 3538 esse
1062 3498 1158 3542 contro

377 3560 526 3614 naturam?
545 3579 574 3615 ιι.
592 3561 618 3612 6.

339 3643 401 3696 Ηοι
412 3652 509 3696 contra
529 3643 682 3697 naturalem
695 3647 832 3700 rationem
841 3662 907 3712 este,
919 3667 968 3704 nee
984 3650 1041 3722 ipse
1058 3656 1159 3710 dt'sren·

376 3728 445 3785 tiens
457 3727 575 3796 negabit.
585 3744 612 3778 ιι.
619 3729 645 3782 il.

339 3811 465 3864 Deduxit
477 3812 528 3864 boe
543 3812 637 3863 Daniel
656 3813 794 3866 Heinsius.
812 3832 840 3868 ιι.
859 3818 902 3870 to.

338 3893 429 3948 Hodie
440 3905 465 3946 et
478 3897 544 3950 olim
559 3900 748 3951 Romanorum
762 3915 843 3964 aero,
857 3915 906 3953 usu
929 3900 1073 3968 vocabuli,
1090 3904 1162 3957 terei

376 3988 511 4044 saccatur,
526 3981 574 4051 pui
587 3981 729 4050 bonafide
741 3985 870 4038 serst’tsttl.
884 4003 912 4037 n.
925 3987 970 4038 11.

340 4065 460 4118 Romani
470 4083 527 4119 non
538 4066 627 4119 solunt
641 4065 795 4137 mancipiis,
807 4069 854 4121 ssd
862 4069 955 4124 liberis
973 4071 1057 4128 etiam
1075 4075 1159 4130 berni·

375 4147 453 4202 stibus
466 4147 595 4202 ministris
608 4149 760 4206 utebantur.
771 4168 796 4204 n.
811 4152 853 4202 12.

339 4231 484 4286 Probatur
500 4233 536 4286 id.
555 4251 584 4284 ιι.
603 4234 648 4284 13.

339 4316 403 4368 Non
421 4317 511 4370 obstat
527 4315 615 4388 effato
632 4319 652 4372 l.
669 4318 731 4372 239.
748 4315 772 4390 5.
791 4335 935 4377 servornm.
963 4323 991 4378 ff.
1016 4325 1048 4380 dt
1074 4332 1107 4384 V.
1128 4333 1157 4386 S.

374 4418 403 4452 ιι.
422 4400 466 4452 11.

339 4485 526 4548 despondetur
541 4487 579 4539 od
594 4503 666 4540 eam.
687 4505 714 4536 ιι.
738 4487 782 4540 16.

339 4567 458 4620 Multum
472 4570 585 4624 enimin
600 4571 736 4638 mancipia
748 4571 844 4624 licebat
858 4558 996 4636 dominis,
1021 4578 1070 4631 sed
1083 4592 1157 4647 pote·

376 4663 432 4706 stas
443 4655 495 4709 isto
505 4653 717 4726 restringebatur
724 4667 829 4726 postea.
846 4677 874 4710 n.
890 4659 969 4711 1611
987 4661 1031 4713 tr.

343 4737 384 4791 Ob
402 4739 544 4792 saeuitiam
562 4739 736 4794 dominorum
754 4738 908 4811 praefectus
926 4742 989 4797 urbi
1015 4763 1157 4817 cognosce·

380 4823 435 4875 bnt.
454 4841 483 4876 rt.
502 4825 546 4878 18.

227 4915 232 4926 “
339 4907 475 4977 Expedit,
493 4924 528 4961 ne
543 4905 602 4977 puis
618 4923 648 4962 re
665 4923 717 4962 rua
736 4908 807 4963 male
824 4919 937 4976 utatur,·
961 4912 1024 4967 licet
1052 4915 1111 4984 puis
1129 4933 1159 4972 re

375 5005 427 5044 sna
446 4991 523 5046 abuti
535 4992 629 5062 possit.
650 5010 677 5045 ιι.
697 4994 741 5044 19·

346 5074 419 5144 Quid
429 5075 647 5145 apudllornanos
659 5077 778 5130 dominis
795 5079 824 5135 in
838 5080 937 5134 liberos
948 5082 1071 5138 domines
1082 5083 1160 5138 mini·

379 5169 451 5212 strar
468 5159 593 5214 licuerit?
612 5180 639 5214 n.
656 5162 700 5214 20.

342 5243 461 5298 Bodinus
479 5247 635 5302 seruitutem
646 5249 719 5302 inter
731 5248 897 5304 oltristionar
909 5271 928 5305 a
940 5253 1031 5307 secula
1047 5253 1090 5306 13.
1107 5269 1161 5308 ees·

378 5343 455 5381 rasse
469 5330 572 5384 asserit.
589 5349 618 5384 a.
636 5332 683 5384 21.

346 5413 426 5482 Quod
442 5413 599 5484 simpliciter
616 5433 673 5470 aon
688 5419 766 5484 pisto.
784 5433 810 5468 ιι.
829 5417 873 5468 22.

343 5499 396 5554 Sed
410 5511 523 5552 eotenus
534 5499 640 5561 saltem,
653 5517 687 5552 ns
696 5499 801 5566 priuati
811 5500 914 5554 alerent
926 5499 1070 5571 mandria,
1082 5501 1161 5572 idoare

378 5593 538 5637 reservatum
548 5583 611 5652 snit
621 5581 804 5654 jurispublici.
823 5603 849 5636 ιι.
871 5585 913 5636 tt.

345 5666 534 5723 Damnatiad
551 5664 682 5732 triremes,
692 5664 891 5736 praesertirnin
909 5666 983 5752 mari
1005 5668 1162 5726 mediterra-

1239 2241 1299 2290 neo,
1308 2242 1405 2297 porum
1417 2247 1435 2282 a
1445 2228 1529 2281 serris
1536 2232 1723 2284 Romanorum
1736 2237 1916 2300 temperanter
1926 2229 2026 2288 notua

1241 2307 1383 2376 dtffirtrnt.
1402 2330 1431 2364 ιι.
1451 2311 1494 2364 21.
1513 2312 1556 2364 25.

1204 2393 1273 2446 Atta
1287 2398 1357 2448 ratio
1368 2415 1417 2464 pro
1430 2396 1551 2462 priorum
1565 2396 1706 2452 bominum
1719 2407 1766 2452 ett.
1780 2415 1808 2450 ιι.
1822 2398 1865 2450 26.

1209 2476 1282 2547 Quid
1291 2481 1411 2534 maribus
1424 2481 1525 2536 nostris
1536 2481 1706 2556 liceat,1‘ure
1724 2481 1887 2538 domesticae
1907 2481 2025 2549 discipli·

1242 2581 1296 2618 nae
1308 2565 1471 2636 insumulot
1482 2565 1496 2618 i
1509 2585 1536 2621 rt.
1547 2567 1591 2619 2'1.

1207 2647 1391 2703 bencarentur
1408 2649 1496 2704 obiter
1511 2651 1654 2706 doctorum
1684 2648 1845 2722 alipuorrtm
1873 2653 2024 2724 opiniones.

1242 2747 1268 2782 ιι.
1288 2732 1332 2784 28.

1205 2814 1331 2884 Aptsibur
1345 2816 1463 2870 modeste
1475 2814 1597 2872 dissentit
1610 2828 1714 2872 auctor.
1726 2837 1755 2872 rr.
1766 2816 1809 2867 22.

1210 2899 1325 2964 Quando
1339 2900 1406 2954 liber
1418 2901 1500 2954 bomo
1512 2917 1619 2969 operam
1626 2918 1705 2958 suam
1716 2899 1919 2970 patrifamilias
1936 2901 2022 2966 locat,

1240 2981 1324 3036 tacite
1340 3001 1442 3054 quoque
1456 3001 1483 3037 se
1495 2983 1655 3042 domesticas
1667 2985 1724 3055 ejus
1730 2985 1887 3056 disciplinas
1907 2987 2025 3060 subjicit.

1242 3081 1270 3116 ιι.
1289 3066 1332 3117 36.

1206 3147 1315 3200 Attertr’
1329 3152 1411 3204 ratt'c.
1423 3169 1450 3204 ιι.
1467 3152 1510 3204 31.

1207 3233 1408 3306 patrefamilias
1420 3235 1552 3291 incumbit
1565 3237 1707 3294 moderato
1719 3239 1868 3309 castigatio.
1882 3259 1910 3292 n.
1924 3241 1966 3294 32.

1206 3319 1275 3386 B'jus
1286 3319 1357 3373 ratio
1371 3320 1475 3393 eaep'ure
1486 3337 1612 3374 romano.
1625 3340 1653 3374 n.
1667 3323 1715 3374 33·
1728 3334 1753 3376 et
1765 3323 1808 3376 31.

1205 3405 1291 3458 Haud
1303 3405 1385 3480 objici
1394 3415 1491 3475 potest,
1502 3415 1613 3476 patrum
1630 3405 1765 3476 familias
1789 3417 1816 3460 et
1837 3403 1976 3464 seniorum
1995 3409 2026 3460 in

1241 3485 1404 3558 corrigendo
1417 3486 1574 3543 dissimilem
1586 3489 1721 3544 rationem
1732 3505 1795 3544 erse.
1806 3507 1835 3542 ιι.
1849 3489 1892 3542 st.

1207 3571 1359 3635 Responsio
1374 3573 1412 3624 ad
1424 3571 1533 3644 objecta.
1547 3589 1576 3622 ιι.
1589 3571 1634 3624 36.

1209 3653 1275 3706 Atta
1287 3653 1500 3710 dissentientium
1511 3654 1633 3727 objectio.
1646 3669 1673 3705 rt.
1687 3653 1730 3705 tt.

1209 3737 1401 3803 despondetur
1407 3754 1456 3806 per
1469 3738 1630 3791 instantiam
1642 3747 1668 3790 et
1675 3753 1724 3804 per
1735 3736 1866 3790 rationes.
1874 3755 1901 3790 n.
1914 3738 1957 3790 38.
1968 3739 2014 3790 39.

1207 3819 1264 3872 Nes
1276 3820 1364 3874 obstat
1376 3819 1404 3872 ia
1417 3818 1530 3874 liberum
1542 3819 1681 3874 tantm
1695 3819 1776 3888 ¹nibil
1787 3819 1950 3889 injuriosum
1963 3822 2026 3878 lice-

1244 3918 1283 3954 re.
1295 3919 1324 3954 n.
1338 3901 1380 3954 16.

1208 3985 1361 4052 Responsio
1377 3985 1414 4038 ad
1424 3985 1611 4054 objectionem
1622 4004 1649 4038 n.
1662 3986 1705 4040 tt.

1207 4069 1273 4122 Non
1287 4068 1373 4139 magis
1384 4068 1505 4138 injurias
1525 4067 1631 4140 reusfit
1650 4070 1787 4124 dominus
1798 4071 1833 4124 ab
1858 4072 2027 4127 moderatum

1244 4152 1468 4221 calchedonem,
1477 4170 1559 4224 paam
1572 4152 1703 4224 magister
1713 4154 1768 4208 arti
1779 4155 1834 4206 scii.
1849 4173 1876 4208 ιι.
1894 4155 1938 4207 12.

1208 4233 1236 4286 l..
1255 4251 1300 4288 no.
1319 4250 1343 4288 c.
1361 4235 1394 4288 de
1412 4235 1516 4290 emend.
1536 4252 1633 4291 terror.
1652 4240 1718 4306 capi
1734 4237 1816 4290 etiam
1839 4249 1930 4306 potest
1947 4240 1980 4294 ds
1996 4241 2029 4292 li·

1243 4317 1311 4372 beris
1322 4319 1476 4374 bominibus
1487 4319 1675 4374 seruientibus.
1686 4339 1715 4374 ιι.
1728 4320 1771 4374 13.

1206 4403 1287 4455 Hanc
1301 4418 1360 4457 csse
1375 4405 1543 4471 singularem
1554 4405 1727 4460 sententiam.
1746 4423 1774 4458 n.
1787 4406 1831 4458 tt.

1206 4489 1394 4550 intempestiue
1406 4485 1594 4542 mt'sericcrdss
1618 4487 1640 4541 ii
1662 4489 1807 4544 christiani
1822 4487 1961 4556 audiunt,
1979 4491 2028 4561 pui

1242 4571 1396 4626 indistincte
1407 4574 1558 4626 servitutem
1573 4571 1718 4628 damnant.
1733 4591 1760 4626 n.
1775 4574 1818 4626 11.

1207 4657 1315 4710 Asserti
1325 4656 1454 4710 rationes.
1469 4675 1495 4708 ιι.
1508 4657 1552 4709 16.
1565 4658 1613 4711 11.

1212 4739 1379 4794 Testimonia
1395 4741 1544 4810 scripturae
1553 4755 1659 4796 sacrae·
1673 4759 1701 4794 ιι.
1715 4740 1759 4793 18.
1773 4741 1815 4794 ts.

1207 4825 1327 4877 Notatur
1339 4824 1478 4878 Paulinus
1488 4824 1624 4894 episcopas
1650 4834 1676 4878 st
1700 4827 1807 4881 Paulus
1821 4828 1872 4880 IV.
1887 4828 1967 4895 ponti
1981 4848 2027 4884 ess.

1243 4925 1272 4960 n.
1291 4909 1335 4962 lid.

1208 4993 1299 5046 Hodie
1320 4993 1409 5048 adime
1436 4992 1624 5061 intempestiue
1654 4991 1839 5051 misericordes
1867 5006 1955 5061 suus,
1981 4999 2031 5068 pus·

1243 5076 1356 5148 priuatis
1379 5094 1484 5143 seruos,
1502 5077 1704 5147 uel‘mancipio
1733 5079 1887 5150 promissus
1918 5093 2028 5152 negant.

1246 5181 1275 5214 ιι.
1296 5162 1339 5216 ttt.

1185 5239 1189 5248 ’
1211 5247 1321 5300 Ass-ersi
1335 5249 1467 5304 rationes.
1485 5265 1512 5302 ιι.
1530 5247 1574 5302 bi.

1209 5333 1290 5384 deret
1297 5331 1404 5398 proprie
1416 5350 1474 5387 uon
1484 5342 1563 5395 runt,
1577 5331 1626 5402 qui
1635 5348 1735 5399 operes
1746 5348 1811 5390 suos
1821 5350 1872 5400 pro
1891 5335 2029 5402 pecunia,

1248 5435 1330 5484 paam
1350 5417 1671 5482 assumpseramus.
1689 5416 1732 5468 bb.

1212 5499 1274 5554 Alii
1284 5498 1365 5554 etiam
1375 5498 1465 5567 potius
1479 5516 1587 5569 operam
1600 5517 1680 5554 suam
1694 5498 1872 5556 creditoribus
1884 5501 2027 5572 locarent,

1248 5600 1332 5653 puato
1350 5579 1500 5637 latrociniis
1512 5590 1538 5636 st
1549 5581 1678 5652 nefandis
1689 5584 1793 5638 artibus
1813 5605 1838 5640 tc
1849 5587 2028 5642 incoluerant.

1185 5711 1190 5720 .
1247 5685 1275 5720 ιι.
1294 5668 1337 5722 lii.
