4374 6216
390 288 443 341 iili
965 280 1152 340 ntstbttt.
1172 285 1206 340 tt.
1226 285 1342 343 ctnttn
1359 290 1393 344 X.
1913 283 1967 338 110

283 380 320 434 ct
337 381 389 434 eris
400 376 587 434 succedaneos.
600 373 772 430 Meminimus
785 394 800 428 ι
812 372 1028 429 dissentientibus
1041 389 1156 432 statueu·
1210 395 1281 435 tuum
1300 382 1426 436 custodiri
1445 381 1614 446 debuissent,
1631 379 1683 450 ipat
1702 395 1812 452 poenam
1831 377 1900 432 bano
1918 380 1948 430 in
1966 373 2029 430 utet.

337 464 407 517 tibus
433 461 582 532 principem
608 460 762 529 qituudoque
787 460 912 512 sicarium
935 462 975 513 rel
994 462 1155 514 homicidam
1209 485 1279 518 mum
1300 467 1460 535 supplicium
1479 477 1580 518 mutare
1597 467 1654 518 ausi
1675 482 1726 518 non
1746 464 1868 515 luissent.
1890 457 2088 532 &nequi-'10

335 561 387 598 non
406 543 514 614 quidem
533 542 685 608 dimittere,
705 545 771 596 bene
789 556 875 595 tamett
893 544 945 594 alia
964 563 1041 612 quem
1061 547 1157 597 mortis
1208 548 1267 602 dem
1286 549 1498 618 sapientissimus
1516 549 1653 617 legislator
1673 561 1722 610 est,
1736 561 1759 602 et
1777 548 1841 598 hinc
1856 547 1955 599 Pariter
1967 564 2031 614 gen·

333 644 417 698 poena
434 625 542 680 allicere
561 643 653 696 posse,
672 627 766 678 adduci
784 627 874 680 Exod·
889 627 933 677 21.
947 645 970 680 o.
991 629 1033 682 30.
1047 629 1157 682 'sextum
1212 642 1263 684 tem
1283 631 1350 683 henc
1365 648 1426 700 prae
1444 633 1537 684 ceteris
1552 631 1654 684 felicem
1674 633 1785 698 judicat,
1797 629 1866 700 quod
1885 649 1900 683 a
1920 630 1977 682 Dec
1991 645 2031 682 re·

334 711 381 766 ubi
402 711 510 768 domino
529 711 620 764 horem
640 722 807 780 cornupetam
822 709 904 762 alenti
924 710 1038 779 pretium
1059 711 1160 764 redem·
1209 717 1310 785 ceperit
1327 717 1413 783 leges,
1432 727 1456 770 et
1474 718 1574 768 utillum
1600 717 1726 784 populum
1751 713 1800 766 hoc
1825 711 2032 783 sapientioribus

335 794 435 866 ptinnis
455 795 624 864 imponitur,
643 807 702 845 cum
722 805 808 845 tamen
834 793 1000 863 prsecedeuti
1025 812 1097 848 vers.
1116 797 1159 851 29.
1210 799 1311 866 legibus
1329 817 1388 852 esse
1406 802 1534 869 gavisum.
1547 799 1599 852 Sed
1612 800 1733 852 iliricum
1752 815 1852 850 numen
1871 798 1911 850 cti
1930 797 2032 867 sapien·
2050 786 2088 838 ⁸⁰

338 889 478 942 statuatur,
497 878 567 948 qttod
588 881 609 929 si
629 877 652 929 ei
672 873 850 946 significatum
870 876 965 941 luerit,
985 889 1011 930 et
1030 879 1053 929 is
1074 887 1160 934 tamen
1213 883 1331 936 tissimus
1356 884 1507 953 legislator,
1527 901 1554 937 se
1576 884 1656 937 statui
1683 883 1846 952 reipublicae
1864 891 1921 936 tum
1940 897 2031 936 conce

286 968 321 1020 68
339 965 438 1016 aluerit
457 963 566 1028 bovem,
579 964 654 1014 illum
675 962 744 1012 inuri
763 961 868 1014 debere.
887 961 935 1014 het
955 963 993 1014 ibi
1012 965 1086 1033 eulpa
1107 982 1158 1016 non
1212 977 1270 1036 ptae
1288 966 1478 1030 conformabat,
1492 980 1515 1021 et
1533 985 1581 1036 pro
1599 966 1755 1019 conditione
1772 977 1920 1036 temporum
1937 974 1964 1020 et
1975 963 2032 1016 rni-

340 1048 399 1101 dolo
420 1057 568 1117 peccaverat
586 1045 725 1110 dominus,
745 1056 771 1098 et
789 1047 831 1097 les
855 1045 912 1115 ipsa
939 1045 976 1098 ibi
996 1048 1055 1116 plus
1073 1047 1160 1100 l'ureu·
1213 1066 1329 1112 murnm,
1350 1051 1431 1103 multa
1450 1049 1601 1119 indulgebat
1620 1052 1650 1100 in
1669 1066 1734 1102 nouo
1754 1059 1915 1103 testamento
1931 1065 2032 1104 resoca-

337 1131 391 1193 sis,
404 1149 480 1200 quum
501 1129 609 1184 moralis
627 1141 682 1192 est,
698 1129 799 1183 idcirco
812 1130 844 1182 a'd
865 1132 931 1182 hanc
949 1133 1160 1200 consequentiam
1212 1145 1251 1200 tn;
1269 1151 1317 1186 nec
1336 1133 1476 1186 Antonium
1495 1133 1627 1186 Matthaei
1650 1133 1798 1186 coittrarise
1821 1133 1957 1203 opinionis
1974 1150 2033 1204 pru.
2051 1121 2088 1176 ⁸1

286 1217 320 1268 cu
341 1213 411 1268 trahi
438 1231 490 1266 non
517 1225 610 1283 potest.
638 1213 690 1265 Sed
709 1214 773 1282 quid
793 1213 815 1266 si
841 1215 963 1284 princeps
982 1214 1066 1282 judici
1087 1235 1160 1268 man·
1212 1228 1381 1288 prignatorem
1395 1235 1480 1272 acrem
1500 1218 1550 1272 hoc
1568 1217 1681 1272 sensisse
1699 1217 1961 1286 arbitramur,quasi
1972 1221 2032 1274 nul-

342 1298 404 1363 det,
427 1307 456 1349 ut
472 1297 626 1351 executioni
647 1298 691 1350 det
709 1299 977 1367 seutentiam,quam
996 1301 1051 1366 jure
1071 1299 1162 1353 dirimo
1211 1301 1236 1353 lu
1256 1301 1333 1354 modo
1359 1300 1458 1352 ficetum
1482 1301 1577 1352 ultimo
1602 1300 1733 1371 supplicio
1755 1297 1829 1352 affici
1860 1299 1963 1369 possit,
1985 1299 2033 1353 ud

340 1383 497 1436 contrariam
519 1381 746 1451 deprehenderet,
763 1401 796 1435 ac
815 1398 913 1434 morem
932 1393 1001 1450 geret
1018 1381 1159 1447 eidem,et
1212 1394 1286 1448 tum,
1304 1383 1328 1436 si
1347 1383 1374 1434 id
1393 1386 1461 1436 salus
1481 1384 1659 1452 reipublicae,
1678 1384 1713 1436 ob
1739 1387 1888 1437 increscens
1905 1381 2034 1437 delictum

342 1467 381 1518 sic
400 1465 568 1518 innocentem
588 1465 624 1517 rel
644 1463 756 1528 delebit,
778 1466 818 1520 vel
845 1465 947 1517 «iuniori
975 1462 1077 1518 efficiet
1096 1483 1160 1536 sup·
1212 1467 1268 1532 (uti
1288 1476 1405 1537 tempore
1423 1467 1556 1520 Friderici
1576 1468 1743 1538 imperatoris
1761 1481 1787 1522 et
1813 1467 1900 1522 Caroli
1926 1469 1960 1521 V.
1976 1483 2031 1520 cae

287 1553 323 1605 70
341 1548 439 1621 plicio?
455 1549 660 1618 Nonnumquam
679 1550 821 1618 contigisse
841 1549 903 1612 hoc,
922 1558 1024 1618 septem
1043 1551 1158 1602 millium
1211 1549 1297 1620 seris)
1316 1567 1368 1602 non
1388 1547 1470 1602 iertet
1487 1550 1582 1616 aliter,
1600 1552 1639 1603 sic
1657 1551 1728 1603 enim
1747 1568 1828 1620 supra
1846 1549 1956 1619 allegato
1973 1550 2031 1602 toco

341 1635 480 1688 hominum
512 1633 600 1685 caedas
627 1632 777 1686 Thessaliae
802 1643 922 1696 testatur,
946 1652 995 1702 qua
1025 1635 1162 1688 occisione
1210 1631 1830 1704 c.l.u.uls.seexplicateuerumtomeuquio
1847 1633 1920 1688 salus
1935 1631 2033 1704 popuii

343 1717 526 1771 Theodosium
544 1728 571 1769 et
590 1716 656 1768 alios
678 1717 763 1786 legem
787 1717 830 1768 29.
848 1735 871 1769 c·
897 1717 929 1770 de
944 1718 1049 1788 poeuis.
1069 1721 1157 1772 tulisse
1210 1734 1334 1785 supremo
1351 1720 1401 1770 lem
1423 1729 1478 1782 est,
1496 1717 1627 1788 siquidem
1649 1719 1778 1772 issoluus
1796 1733 1852 1772 esse
1874 1717 1956 1770 aluei·
1974 1731 2033 1770 uon

342 1803 448 1868 ferunt,
466 1821 500 1856 ne
529 1801 626 1870 judex,
643 1803 666 1854 si
689 1805 781 1857 durior
804 1803 872 1855 forte
895 1822 979 1875 pneris
1001 1823 1016 1855 a
1040 1805 1161 1872 principe
1211 1797 1389 1867 posset,nisi
1398 1798 1485 1868 capite
1496 1800 1664 1855 damnentur
1673 1796 1825 1868 forenses
1840 1798 1893 1852 erit
1911 1797 1950 1852 ito
1967 1815 2034 1852 exos

340 1886 634 1957 impositaesset,eam
653 1895 714 1938 aute
732 1886 803 1938 diem
824 1889 990 1955 trigesimum
1003 1899 1162 1956 exequatur,
1213 1901 1327 1952 sperare
1349 1895 1511 1953 poenos,ut
1535 1885 1571 1938 ab
1595 1883 1699 1954 infimis
1722 1883 1759 1936 od
1784 1880 1883 1937 ultimo
1898 1880 2035 1952 supplicio

341 1971 387 2022 sed
408 1971 508 2023 tamdiu
528 1987 585 2022 eam
605 1968 755 2038 dispendat.
774 1971 900 2024 Putamus
919 1971 1018 2038 itaque,
1037 1973 1080 2026 tali
1101 1987 1161 2025 cusu
1211 1977 1337 2028 transeat
1361 1969 1506 2040 legislator.
1533 1969 1605 2038 Quid
1635 1969 1733 2022 clarius
1762 1966 1880 2038 exprimi
1901 1964 2034 2037 potuisset
2054 1979 2092 2031 εξ

291 2057 326 2110 71
344 2056 457 2124 judicem
477 2073 526 2124 qua
545 2056 617 2108 decet
631 2053 809 2108 submissione
825 2053 926 2108 reicere
937 2055 1032 2108 dehere
1044 2056 1075 2108 ad
1091 2056 1159 2125 prin·
1212 2054 1244 2108 ad
1275 2057 1429 2123 opinionem
1460 2053 1640 2120 firmandam,
1670 2055 1764 2120 tmes,
1790 2053 1966 2109 crescentibus
1992 2053 2029 2108 iia

341 2142 449 2210 cipem,
468 2139 519 2192 sibi
540 2138 590 2192 hoc
608 2139 646 2192 cei
666 2138 735 2191 istud
753 2153 787 2189 ex
806 2139 862 2208 lege
879 2139 990 2192 naturali
1010 2139 1050 2192 rel
1069 2138 1159 2193 diviua
1214 2141 1327 2206 delictis,
1345 2141 1432 2210 eapite
1449 2141 1538 2210 puniri
1558 2137 1653 2210 posse?
1671 2140 1811 2192 Cessareae
1823 2141 1895 2208 leges
1907 2137 1958 2190 hnc
1973 2155 2027 2192 nnn
2048 2147 2086 2200 83

340 2225 500 2279 obstaculum
520 2221 621 2286 sideri,
640 2223 731 2276 deuote
749 2239 777 2275 se
794 2223 826 2274 ad
851 2223 1015 2291 cogitandum
1035 2239 1161 2294 propone·
1212 2224 1312 2286 colunt,
1330 2222 1399 2274 liures
1417 2223 1523 2292 quossis
1540 2225 1634 2276 ultimo
1652 2223 1783 2292 supplicio
1795 2217 2030 2287 eeseat‘bciendnsc

340 2327 386 2373 re,
406 2327 473 2364 anne
493 2308 582 2380 potins
601 2305 746 2376 mitiganda
766 2323 847 2376 poena
867 2307 916 2368 sit,
936 2307 957 2357 si
977 2322 1037 2358 cero
1054 2317 1080 2358 ct
1102 2317 1161 2362 trine
1210 2309 1257 2360 aed
1276 2323 1320 2359 eos
1338 2305 1456 2372 demum,
1473 2307 1519 2375 rpni
1540 2316 1599 2372 ter,
1627 2307 1668 2362 rel
1686 2309 1750 2360 ultre
1776 2306 1944 2360 reiterassent
1962 2305 2033 2359 deli·

343 2402 433 2462 aperte
448 2407 514 2448 esset
532 2406 619 2448 contra
640 2393 742 2455 Deum,
761 2390 876 2443 modeste
901 2392 987 2461 potins
1005 2391 1160 2462 deprecetur
1211 2399 1289 2453 ctum,
1307 2401 1349 2444 ant
1366 2405 1425 2442 cum
1443 2388 1576 2454 uiolentia,
1593 2399 1637 2444 ant
1654 2390 1738 2442 simili
1766 2387 1843 2443 modo
1861 2385 1928 2442 inrta
1951 2384 2029 2442 lecis-

342 2479 528 2533 executionem
546 2480 578 2532 ad
597 2477 678 2530 iasces
697 2485 722 2528 et
738 2471 857 2528 officium
871 2475 986 2544 principi
1001 2473 1161 2545 deponeret,
1211 2481 1281 2525 sent.
1307 2471 1386 2525 Ratio
1409 2488 1459 2540 qua
1476 2471 1645 2542 potissimum
1670 2472 1794 2524 nituntur
1818 2468 2030 2534 dissentientes,
2050 2469 2088 2524 et

265 2557 422 2634 mquam
441 2575 531 2618 contro
552 2565 635 2616 Deum
661 2571 795 2634 peccaret:
812 2578 878 2632 quae
900 2560 973 2613 enim
1003 2561 1161 2629 probitatem
1209 2557 1283 2628 qnasi
1303 2557 1374 2610 nulla
1391 2555 1528 2626 proportio
1546 2557 1582 2610 sit
1599 2555 1670 2610 inter
1687 2556 1769 2610 sitam
1787 2551 1906 2610 bominis
1935 2560 2031 2606 etiem

342 2650 382 2700 sel
401 2645 585 2701 uerecundiam
605 2645 730 2713 laedunt,
744 2643 830 2698 lucere
848 2663 895 2698 nos
914 2662 966 2698 non
985 2661 1060 2712 posse
1079 2645 1159 2698 intel·
1211 2641 1315 2710 saepius
1333 2657 1387 2692 non
1407 2641 1495 2706 magni
1514 2641 1593 2708 pretii
1612 2639 1736 2701 ablatem,
1754 2639 1828 2706 eujus
1847 2646 1933 2688 tamen
1952 2644 2030 2688 tenax

341 2731 461 2800 ligimus.
477 2731 496 2784 l.
521 2727 610 2800 titff
629 2730 663 2785 de
680 2728 779 2783 condit
804 2728 887 2782 instit.
907 2727 1048 2796 heinhittg.
1069 2728 1103 2780 de
1123 2744 1162 2781 re·
1210 2723 1298 2776 cinnis
1316 2724 1397 2792 judex
1415 2735 1439 2777 et
1455 2722 1588 2792 legislator
1607 2739 1665 2775 esse
1682 2721 1808 2786 deberet,
1828 2719 1906 2774 nobis
1925 2735 2033 2790 semper

290 2826 325 2878 ¹13
340 2815 407 2885 gius.
418 2815 535 2870 seculari
545 2825 571 2870 ct
584 2813 677 2869 eccles.
691 2815 709 2866 l.
725 2816 752 2867 1.
764 2815 843 2867 class.
857 2815 882 2863 t.
894 2831 917 2866 c.
931 2811 956 2863 l.
970 2829 997 2864 m.
1010 2810 1036 2863 l.
1047 2810 1081 2863 Et
1098 2811 1162 2864 licet
1211 2824 1259 2860 nec
1276 2806 1399 2874 lundata,
1417 2827 1465 2864 uec
1485 2810 1571 2880 magni
1591 2810 1685 2864 valoris
1710 2810 1763 2866 siaa
1785 2819 1834 2864 ast.
1852 2809 1919 2864 Nam
1945 2821 1974 2864 nt
1998 2808 2028 2864 itt
2047 2815 2086 2869 811

341 2897 468 2967 princeps
486 2897 616 2951 submissa
634 2900 691 2966 ejus
710 2897 906 2968 deprecatione,
919 2893 987 2963 quod
1007 2894 1161 2962 magistratu
1211 2893 1335 2946 omnihus
1353 2893 1459 2946 delictis
1477 2903 1504 2948 et
1521 2893 1695 2960 criminibus,
1710 2893 1743 2948 ita
1755 2894 1837 2947 etiam
1855 2895 1900 2947 hic
1920 2912 2029 2966 propor-

342 2981 362 3034 Ι.
386 2976 478 3035 cilicio
504 2980 630 3035 decedere
656 2982 745 3046 malit,
766 2997 844 3049 quam
872 2979 969 3046 injusta
999 2986 1161 3047 perpetrare,
1201 2975 1247 3030 -tin
1264 2985 1305 3030 est
1322 2978 1393 3034 inter
1409 2994 1520 3047 poenam
1538 2986 1566 3030 et
1583 2978 1718 3044 delictum,
1731 2995 1784 3031 nun
1799 2979 1941 3042 rem,circa
1951 2997 2031 3050 qoam

342 3081 395 3117 nnn
415 3073 531 3127 attente,
550 3063 728 3116 nihilominus
745 3062 924 3116 executionem
950 3061 1000 3114 snb
1016 3061 1162 3116 commiua·
1210 3061 1380 3116 commissum
1398 3075 1440 3118 eat
1458 3063 1593 3118 delictum.
1613 3063 1749 3119 Delictum
1767 3063 1839 3117 enim
1858 3075 1899 3120 est
1922 3068 2033 3134 ἀνομία.
2051 3067 2088 3121 Bb

342 3149 415 3202 tione
433 3148 520 3216 gracia
549 3163 649 3218 poenae
670 3147 825 3214 imperitet,
850 3143 957 3214 quaeris
981 3145 1070 3214 potius
1092 3145 1160 3214 pati,
1213 3147 1242 3198 st
1260 3145 1349 3217 itaque
1366 3149 1425 3217 quis
1443 3147 1635 3218 coutralegem
1665 3149 1733 3202 hanc
1759 3133 1920 3202 nominatam
1944 3147 2032 3204 delin-
2052 3154 2088 3205 et

343 3250 420 3303 quam
441 3233 468 3284 in
489 3233 558 3284 malo
576 3230 726 3284 consentire
745 3227 854 3282 deberet
871 3244 894 3280 c.
908 3229 945 3280 ito
958 3245 992 3282 ue
1004 3245 1028 3280 c.
1041 3227 1083 3279 32
1097 3247 1122 3298 p.
1136 3228 1161 3280 tt.
1210 3241 1316 3295 queret,
1334 3247 1380 3283 cur
1400 3246 1453 3284 non
1470 3247 1582 3300 poenam
1601 3231 1675 3285 istam
1703 3233 1783 3286 etiam
1807 3233 1975 3290 incurreret?
2002 3235 2033 3290 Si

289 3321 325 3375 'il
342 3317 495 3386 Oldenlsop.
513 3315 667 3370 sichela.
685 3315 752 3368 ii.n.
770 3313 798 3364 ii.
816 3316 915 3372 Verum
935 3311 983 3364 hoc
1000 3310 1160 3374 asserimus„
1213 3315 1353 3381 proportio
1370 3313 1442 3367 inter
1459 3331 1532 3378 rem,
1551 3315 1793 3383 cujusoncasione,
1820 3317 1860 3371 rel
1887 3334 1934 3387 per
1951 3336 2032 3388 qnam

340 3402 362 3455 si
382 3400 511 3471 imperata
530 3411 618 3454 coutra
636 3400 677 3468 jus
697 3397 818 3452 divinum
837 3407 928 3468 aperta
945 3395 1017 3462 sint,
1029 3396 1162 3448 conscien·
1213 3398 1418 3453 committeretur
1437 3397 1581 3463 delictum,
1599 3409 1626 3452 et
1642 3415 1753 3468 poenam
1771 3399 1878 3454 deberet
1895 3416 1967 3464 esse,
1986 3417 2029 3454 ra·

341 3487 376 3540 tia
395 3501 500 3538 erronea
520 3501 597 3548 uero,
617 3492 718 3538 tantum
739 3483 782 3535 hic
806 3501 859 3536 nou
876 3492 1007 3553 operatur.
1026 3481 1071 3534 Sic
1093 3481 1163 3534 lorte
1213 3476 1279 3532 tioni
1299 3483 1411 3535 naturali
1433 3498 1486 3534 non
1503 3485 1662 3535 conueniens
1680 3479 1827 3546 rideretur,
1846 3483 1915 3551 quod
1943 3501 2032 3538 ecme-

342 3567 365 3620 si
383 3567 461 3635 judex
482 3567 603 3635 religioni
618 3566 674 3619 'sibi
695 3568 818 3632 duceret,
833 3565 964 3618 iuremob
985 3564 1084 3618 lurtum
1098 3583 1160 3618 cuae
1212 3563 1264 3619 etio
1283 3566 1354 3636 pomi
1373 3565 1406 3618 ab
1425 3565 1477 3620 Era
1494 3565 1633 3618 commissa
1653 3573 1725 3618 tanta
1736 3583 1819 3636 poena
1834 3566 1965 3622 vindicata
1977 3565 2031 3620 iue-

289 3663 290 3666 ’
345 3650 532 3704 conscensione
551 3660 577 3704 et
595 3650 1002 3722 sperturauiolentaepatibnlo
1020 3649 1161 3719 suspendi,
1212 3647 1260 3712 rit,
1280 3657 1309 3700 ut
1326 3649 1477 3702 uuiversum
1503 3665 1585 3718 genus
1609 3647 1751 3702 humanum
1776 3649 1870 3704 ultimo
1897 3650 2030 3722 supplicio
2108 3698 2113 3708 .

280 3783 285 3798 ,
349 3738 390 3789 uti
411 3735 508 3788 tuton.
526 3735 622 3790 illaleh.
641 3733 932 3798 decriminidusl.l8.
949 3731 1162 3786 tit.18.c.i.n.
1212 3747 1268 3783 eam
1286 3731 1359 3785 luere
1376 3731 1517 3794 debuisset,
1538 3731 1592 3784 nisi
1612 3729 1732 3788 meritum
1752 3730 1853 3788 Christi
1871 3733 2029 3788 intervenis·
2125 3791 2128 3796 ,

351 3821 396 3875 et.
415 3817 522 3884 innuit,
540 3817 572 3871 ad
591 3818 741 3887 principem
759 3817 818 3869 ideo
837 3827 945 3887 propter
964 3817 1026 3870 cdl.
1046 3815 1161 3870 tomeut.
1214 3823 1263 3866 set.
1281 3813 1333 3867 Sed
1353 3815 1391 3867 cti
1411 3814 1586 3870 Lutherusin
1606 3833 1704 3870 comos.
1729 3818 1767 3871 od
1790 3835 1850 3888 cap.
1875 3819 1904 3870 3.
1934 3819 2030 3874 Gener.
2048 3810 2087 3862 88

348 3903 380 3958 de
391 3903 489 3970 poeuis
507 3919 560 3956 non
574 3900 690 3954 referret
712 3901 757 3954 Sic
775 3897 864 3954 effatur
881 3899 908 3951 d.
925 3901 945 3952 l.
962 3899 1091 3953 Matthaei
1108 3898 1161 3953 hir·
1212 3896 1368 3967 respondem
1386 3897 1464 3968 pomi
1480 3899 1544 3952 lmec
1562 3896 1691 3968 mensuit
1703 3900 1801 3956 virtus.
1814 3902 1907 3955 Adam
1922 3902 2031 3973 quidem

350 3997 407 4039 tum
425 3987 483 4053 jure
506 3985 598 4038 dirimo
622 3985 734 4055 capitale
756 4001 810 4037 nnn
833 3996 889 4050 est,
909 3985 990 4052 igitur
1013 4001 1062 4036 uec
1084 3983 1162 4050 iudex
1212 3980 1242 4034 iu
1259 3998 1371 4046 pomum
1379 3979 1448 4052 figit
1466 3983 1568 4049 dentes,
1587 4001 1682 4040 reuera
1701 3996 1792 4039 tamea
1807 3985 1868 4055 figit
1886 3985 1978 4042 deum
1998 3989 2029 4042 a'as

348 4071 417 4126 sales
437 4071 598 4124 conscientie
617 4068 649 4122 ad
675 4069 796 4140 laqueum
821 4067 905 4121 iurem
932 4068 1055 4121 damnare
1072 4077 1162 4138 potest.
1213 4067 1349 4131 oculeum,
1369 4067 1493 4138 quierat
1512 4069 1661 4136 prohibitio
1681 4071 1743 4124 Dei.
1769 4071 1911 4140 Respicere
1935 4073 1968 4126 ad
1986 4076 2024 4126 ci·
2047 4091 2084 4145 gp

295 4151 333 4206 71
353 4154 537 4224 Praeterquam
565 4153 633 4223 quod
657 4151 702 4205 hic
726 4148 815 4204 cilicia
842 4149 999 4220 legislatoris
1022 4158 1051 4217 et
1067 4148 1163 4218 judicis
1213 4151 1321 4204 ritatem
1339 4152 1486 4221 egredienti
1506 4169 1520 4208 e
1539 4153 1651 4207 Sodoma
1669 4155 1745 4208 uxori
1765 4153 1842 4208 Lothi
1862 4165 2032 4226 tantapoena

345 4236 580 4304 coniccderentur,
600 4255 630 4291 en
655 4239 687 4292 de
712 4239 769 4305 lege
792 4237 831 4289 sio
854 4255 868 4286 a
888 4233 1008 4305 principe
1035 4243 1062 4288 et
1080 4233 1163 4302 magi·
1212 4253 1263 4288 non
1282 4235 1384 4300 luisset,
1403 4237 1425 4289 si
1445 4237 1516 4289 inter
1533 4255 1642 4306 poenum
1662 4247 1689 4290 et
1705 4238 1830 4292 delictum
1845 4241 1985 4309 proportio
2002 4241 2031 4292 in

345 4333 428 4376 stratu
446 4324 592 4376 christiano
618 4324 665 4377 lata
683 4323 763 4394 judex
787 4320 904 4389 judicare
928 4337 980 4372 nott
1000 4319 1096 4388 possit,
1117 4317 1163 4378 sed
1214 4337 1244 4374 ec
1262 4320 1360 4384 solum,
1379 4329 1407 4372 et
1425 4338 1478 4376 non
1497 4321 1641 4375 interdicto
1663 4319 1754 4376 dieinn
1772 4322 1949 4377 substitisset.
1977 4323 2029 4377 Sed
2049 4345 2085 4396 pp

345 4410 418 4476 juata
437 4411 518 4478 tepens
537 4423 584 4460 ceu
604 4407 726 4462 minister
744 4409 801 4475 ejus
820 4403 996 4475 pronuncinre
1014 4411 1162 4454 tenetur.c.
1212 4400 1275 4472 quid
1295 4400 1406 4456 multis?
1428 4405 1496 4455 ttum
1516 4405 1605 4474 negari
1625 4405 1727 4473 nequit,
1746 4404 1828 4473 legem
1848 4405 1917 4458 hanc
1931 4406 2031 4473 Moysis

346 4495 372 4546 ³.
391 4493 489 4546 duct.
507 4494 578 4550 cutis.
591 4493 719 4566 itidemne
736 4509 756 4544 c.
774 4493 807 4544 de
820 4490 879 4560 jud.
898 4488 1163 4542 ntuentium
1213 4488 1246 4540 de
1264 4486 1406 4557 puniendis
1424 4484 1528 4540 iuribus
1546 4488 1639 4542 saltern
1665 4487 1816 4554 judicialem
1844 4487 1942 4552 icisse,
1963 4488 2031 4556 judi·

346 4577 438 4630 disino
458 4578 551 4629 morali
572 4575 735 4644 prohibitum
754 4590 807 4624 non
826 4571 966 4639 est,lures
986 4581 1072 4626 morte
1090 4572 1162 4625 etla—
1212 4571 1289 4625 cislia
1307 4571 1507 4636 autemlomuia
1531 4589 1578 4642 pro
1602 4569 1762 4640 reipublicae
1786 4581 1855 4625 stetu
1880 4575 1959 4626 etium
1987 4575 2035 4627 ha-

290 4651 325 4706 76
344 4679 411 4734 qnen
428 4661 528 4731 puniri.
548 4660 624 4731 Quod
643 4662 670 4711 in
688 4657 789 4726 legibus
806 4658 890 4712 lilnsis
907 4655 1006 4710 furtum
1025 4655 1165 4726 ‹luplopu-
1215 4656 1351 4708 breeorum
1372 4653 1456 4708 luisse
1475 4655 1628 4720 mutabilia,
1654 4656 1721 4709 sicut
1738 4657 1782 4708 lex
1807 4656 1917 4711 durabat
1938 4658 2031 4710 saltem

344 4745 449 4809 nitetur,
467 4745 523 4812 lege
542 4743 640 4796 lorensi
660 4742 795 4806 statuitur,
815 4758 864 4794 nec
883 4742 934 4793 alia
954 4749 1040 4792 minen
1059 4756 1163 4808 poena,
1214 4739 1246 4794 ud
1265 4739 1402 4794 Christum
1421 4745 1499 4796 Rom.
1521 4741 1546 4792 6.
1564 4763 1592 4798 v.
1606 4741 1650 4792 li.
1663 4752 1689 4796 et
1702 4743 1723 4795 si
1739 4741 1838 4796 lurtum
1853 4755 1943 4798 nrtitra
1958 4755 2035 4814 turpe

344 4831 440 4883 mortis
459 4846 572 4898 nempe,
590 4825 661 4880 iures
679 4826 767 4896 puniri
787 4843 880 4896 posse,
899 4827 952 4879 ulla
972 4825 1039 4878 ratio
1059 4841 1091 4877 ex
1108 4827 1165 4898 iure
1215 4834 1254 4878 est
1272 4825 1290 4877 l.
1311 4824 1352 4877 12.
1363 4822 1407 4894 ff.
1424 4825 1457 4878 de
1477 4846 1505 4882 u.
1522 4841 1544 4878 s.
1563 4825 1632 4877 nihil
1651 4825 1757 4882 inculsit
1775 4827 1857 4894 uliud,
1875 4846 1951 4898 quaro
1964 4829 2034 4900 quod

344 4913 436 4966 morali
456 4913 592 4984 desumpta
612 4912 744 4981 prohihet.
765 4909 862 4964 besold.
884 4911 942 4963 l.2.
963 4910 1037 4974 polit.
1055 4927 1076 4962 c.
1097 4909 1123 4961 2.
1142 4915 1163 4974 t.
1215 4909 1242 4962 id
1263 4909 1424 4980 puniendum
1444 4909 1499 4982 sit,
1523 4909 1615 4964 modus
1641 4929 1702 4967 sero
1728 4931 1827 4982 poenae
1855 4913 1886 4966 ad
1913 4914 2034 4984 politiam

344 4995 370 5048 l.
386 5015 413 5050 u.
427 4997 470 5052 25.
481 5014 548 5051 cers.
566 4998 627 5066 iure
641 4995 763 5050 inosnico
777 4995 884 5049 morali.
898 5005 924 5049 et
936 5003 957 5058 ς.
977 4993 1022 5046 bl.
1036 4993 1164 5054 Christia-
1214 4993 1338 5062 citiusque
1355 4993 1467 5063 reipubl.
1485 5005 1594 5063 spectet.
1612 4992 1697 5050 Nemo
1716 4995 1803 5064 itaque
1822 4997 1949 5062 iudicium
1970 5013 2029 5050 cou·
2051 5011 2087 5061 οι

343 5097 391 5133 nos
410 5093 493 5135 autem
513 5081 584 5150 leges
597 5079 715 5134 forenses
732 5077 899 5148 judaeorum,
919 5079 972 5132 nisi
998 5097 1048 5148 quc
1066 5079 1165 5134 ratione
1216 5077 1338 5132 scientiae
1357 5079 1494 5134 adeersum
1512 5079 1664 5150 reputabit,
1685 5097 1742 5134 reos
1769 5077 1834 5134 sorti
1855 5081 1951 5134 ultimo
1969 5098 2032 5152 sup-

346 5165 414 5232 juris
434 5165 541 5218 moralis
560 5164 699 5229 nituntur,
718 5162 746 5215 in
765 5179 833 5214 noro
858 5171 1013 5216 testamento
1039 5161 1166 5229 repetitae
1214 5163 1295 5232 plicio
1315 5160 1431 5218 allicere.
1448 5167 1545 5218 Verum
1563 5166 1587 5218 si
1606 5165 1647 5219 iur
1672 5165 1704 5218 ad
1729 5167 1849 5237 laqueum
1876 5167 2030 5233 damnatus,
2051 5186 2089 5240 92

344 5249 384 5300 uel
402 5269 415 5302 a
435 5249 581 5318 legislatore
599 5246 770 5320 approbatae,
784 5265 835 5299 nott
848 5245 966 5315 obligent
984 5262 1006 5299 v·
1022 5243 1165 5313 Reittlting·
1216 5265 1246 5301 eo
1264 5257 1342 5318 rupto
1360 5249 1388 5300 in
1408 5259 1504 5302 terrem
1523 5249 1659 5314 ceciderit,
1679 5251 1717 5303 sel
1736 5249 1758 5302 si
1777 5249 1895 5304 caruiiea
1914 5269 1966 5304 uno
1980 5252 2036 5304 ictu

292 5333 328 5386 77
345 5331 391 5385 tit.
406 5333 431 5384 2.
450 5334 484 5386 de
496 5349 550 5402 reg.
568 5348 590 5385 s.
603 5343 627 5384 et
641 5332 701 5384 ecel.
720 5331 798 5386 class.
818 5330 842 5382 2.
855 5347 915 5396 cap.
936 5330 961 5381 3.
980 5345 1008 5382 ri.
1022 5329 1047 5382 2.
1061 5329 1118 5382 lmo
1136 5327 1164 5379 ic
1217 5332 1254 5384 rei
1274 5331 1405 5384 ceruicem
1422 5331 1509 5400 gladio
1527 5349 1580 5386 uon
1599 5331 1763 5398 resecuisset,
1784 5351 1884 5392 numne
1897 5335 1957 5388 ideo
1969 5336 2035 5389 libe·

347 5413 483 5484 republica
503 5414 674 5468 hebrneoruin
694 5416 749 5484 ipsa
777 5412 840 5467 hirti
868 5429 951 5482 poena
975 5411 1039 5466 iacta
1059 5410 1109 5462 tuti
1127 5427 1166 5471 ca·
1217 5413 1336 5468 rabitur?
1354 5413 1413 5468 linc
1431 5415 1538 5481 desunt,
1563 5418 1609 5486 qui
1627 5417 1676 5470 hcc
1693 5419 1847 5488 opinantur,
1866 5431 1894 5474 et
1910 5420 1979 5490 qnod
2005 5439 2036 5474 eo

347 5496 454 5565 pitalis,
473 5496 513 5548 uti
532 5498 664 5566 eleganter
683 5495 785 5550 deducit
803 5497 918 5550 lohann.
939 5497 1044 5551 selden.
1063 5492 1168 5566 dejure
1216 5498 1293 5552 modo
1306 5499 1387 5552 reluti
1407 5498 1534 5552 miraculo
1553 5518 1605 5553 uon
1624 5501 1698 5572 pauci
1717 5502 1772 5556 sint
1789 5507 1893 5568 serrati,
1920 5517 2036 5558 recenset

294 5576 329 5626 78
348 5589 402 5631 nat.
414 5590 487 5648 gent.
500 5579 547 5632 lib.
559 5581 585 5632 7.
599 5581 694 5647 clip.
710 5599 743 5633 m.
758 5580 819 5633 etit.
832 5581 909 5650 Quod
928 5579 952 5634 si
971 5589 1040 5634 teuta
1060 5577 1165 5646 religio·
1218 5581 1327 5634 Bueriits
1342 5581 1421 5636 decis.
1439 5581 1501 5635 217.
1521 5601 1548 5636 η.
1568 5583 1613 5636 te.
1632 5584 1675 5638 ttt.
1700 5594 1727 5638 et
1751 5583 1881 5656 Casparcs
1908 5588 2032 5640 Maccius

346 5681 380 5719 ne
399 5664 467 5734 leges
486 5659 669 5732 forenses,uti
689 5665 882 5720 dissentientes
900 5665 1002 5736 colunt,
1022 5663 1050 5717 in
1070 5679 1162 5735 perpe·
1215 5662 1245 5717 iu
1265 5665 1375 5738 append·
1394 5662 1433 5721 od
1447 5677 1530 5722 coust.
1548 5669 1622 5725 crim.
1642 5687 1673 5734 a,
1688 5669 1714 5722 9.
1736 5671 1778 5724 1³.
1799 5670 1839 5722 tt.
1861 5672 1902 5725 tn.
1924 5679 2023 5742 etseq.
