4404 6168
332 403 446 471 Yempus
455 409 586 456 retroctus
597 399 707 454 catium.

327 485 514 542 Communiter
531 503 621 540 onnus
637 495 663 538 ιι
682 485 743 537 dics.

327 569 382 624 Cur
392 568 448 623 dieo
459 567 560 623 oddito.

324 653 420 707 Currit
428 652 524 706 scirstti
533 671 549 704 o
562 663 680 723 tempore
689 648 801 719 perfecti
817 658 978 704 contractus.

326 737 391 789 Non
404 738 553 803 ignoranti,
569 748 595 789 et
611 735 681 789 idem
694 724 808 788 durante
819 735 865 786 lite
877 735 912 789 tle
926 732 1060 802 emptione
1073 749 1140 787 ven·

361 817 473 871 ditione.

326 901 519 969 Ignorantiam
530 901 655 970 allegans
671 897 781 968 qnando
790 898 890 968 iurare
901 909 1015 956 tenetur.

320 985 374 1034 An
386 995 478 1038 currat
495 994 589 1037 contro
605 983 737 1035 minorent
751 984 818 1038 daec
828 983 1019 1055 praescriptio.

329 1065 467 1119 citatione
477 1066 689 1129 interrumpitur.

327 1151 489 1223 (tuisjucteoe
501 1151 536 1204 sit
553 1159 720 1219 competens.

219 1289 222 1306 ,
329 1237 400 1289 ttius
419 1232 650 1298 denunciationis,
664 1231 892 1298 renunciationis,
907 1240 933 1286 et
943 1231 1091 1289 cessionis.

325 1426 390 1535 Er
403 1500 493 1537 oeosee
503 1479 647 1538 efficientis
665 1481 855 1551 meterlelisque
866 1480 1047 1552 quelioumque
1059 1478 1140 1534 dedn-

325 1566 412 1620 ctione
429 1567 495 1635 juris
512 1569 617 1636 oougrui
636 1569 750 1638 cognitio
769 1584 800 1620 ex
820 1581 892 1635 perte
910 1569 961 1633 jem
988 1563 1140 1628 constebit,

911 297 1102 353 uisuntur.
1120 296 1217 352 xxiv.
1236 283 1353 350 etnun
1371 297 1419 351 tv.

1898 290 1953 354 ssi

1193 407 1224 442 er
1244 409 1272 444 ee
1291 403 1347 444 ente
1364 390 1417 444 diei
1435 389 1604 442 eristentlem
1623 387 1663 459 spi
1678 406 1728 443 noo
1741 400 1829 460 potest,
1840 389 1900 444 licet
1914 409 1946 445 er
1957 393 2004 448 ob-

1191 474 1316 540 ligetione
1332 474 1383 540 jem
1404 483 1462 526 uste
1483 473 1518 525 sit
1536 472 1602 524 sotio
1619 472 1637 524 1.
1650 472 1693 524 dd.
1704 469 1731 524 d.
1743 489 1766 525 ι.
1779 489 1804 525 o.
1822 473 1943 528 Frentrk.
1956 495 2005 531 eu·

1190 571 1242 608 ere.
1259 556 1299 607 tn.
1310 575 1354 624 qu.
1366 557 1392 607 1.
1405 572 1481 609 nuos.
1497 554 1522 607 1.
1540 556 1609 624 qood
1627 556 1659 608 ed
1678 554 1748 608 dieue
1767 568 1863 610 eertum
1881 575 1924 624 eu,
1943 562 2006 614 lieet

1192 655 1244 690 oon
1262 639 1366 711 quenda
1384 638 1581 708 restringimus,
1602 640 1690 695 Siros.
1708 657 1798 694 ιιιιι.
1819 643 1861 696 17.
1877 636 1900 697 θ.
1922 649 1965 698 st.
1983 651 2006 700 si

1191 724 1262 776 euius
1285 723 1401 776 incertus
1419 725 1464 788 sit,
1482 723 1631 791 etquidem
1649 741 1681 776 sn
1701 737 1727 776 et
1745 727 1865 795 qnsndo,
1886 741 1940 782 tum
1960 745 2007 800 pru

1191 803 1345 860 conditione
1363 808 1483 872 bebetor,
1501 807 1519 860 1.
1532 808 1590 860 slies
1600 809 1644 860 tt.
1659 809 1687 860 d.
1699 811 1798 864 condis.
1821 825 1847 865 et
1863 813 2006 869 demonstr.

1191 890 1210 942 1.
1223 891 1265 944 38.
1278 893 1301 958 5.
1314 893 1340 943 ll·
1352 894 1379 946 d.
1393 911 1416 944 n.
1429 909 1457 945 o.
1469 891 1486 944 1.
1501 893 1544 943 30.
1558 894 1581 958 §-
1597 892 1623 944 1.
1635 891 1724 963 infin.
1737 895 1761 946 d.
1774 895 1825 964 ing.
1845 900 1871 947 t.
1896 907 1921 948 et
1941 895 2007 951 ‹tte-

1190 984 1259 1025 etum
1278 975 1439 1028 conditionis
1457 974 1534 1027 babet
1554 975 1665 1040 tutione,
1683 993 1731 1028 nee
1751 989 1822 1032 ontee
1838 978 2007 1048 obligetiouis

1193 1072 1240 1108 nee
1258 1059 1375 1112 sotionis.
1393 1058 1561 1111 conditionis
1579 1059 1693 1126 estjeetio
1711 1077 1762 1112 non
1791 1063 1873 1114 solnm
1899 1066 2008 1118 ernstio·

1192 1155 1264 1199 uem,
1282 1143 1326 1192 sed
1345 1151 1370 1192 ιι
1390 1141 1474 1210 ipsem
1493 1141 1683 1211 obligationem
1703 1143 1848 1210 suspendit,
1867 1145 1886 1196 1.
1900 1145 2008 1216 stup:

1192 1223 1217 1274 d·
1231 1239 1253 1276 r.
1264 1237 1286 1275 r.
1304 1235 1329 1277 et
1348 1224 1411 1277 bino
1428 1225 1559 1294 pendente
1570 1219 1722 1279 munitione
1741 1243 1793 1278 noo
1812 1237 1933 1282 censetur
1949 1249 2010 1286 esse

1191 1302 1304 1373 periente
1317 1325 1339 1358 e.
1354 1327 1376 1360 ι,
1390 1309 1495 1360 etismsi
1511 1325 1552 1360 res
1568 1307 1661 1360 indite
1675 1317 1700 1360 et
1714 1309 1828 1378 prestun
1843 1313 2006 1383 solutumrlt,

1190 1390 1209 1441 1.
1223 1391 1247 1440 ll.
1264 1406 1306 1454 pr.
1321 1390 1346 1442 d.
1357 1409 1413 1456 per.
1423 1401 1449 1444 et
1460 1409 1557 1444 comm.
1570 1389 1691 1443 seioend·

1226 1474 1301 1544 Quod
1321 1476 1342 1524 si
1361 1477 1413 1541 jem
1434 1475 1554 1528 venditio
1572 1474 1636 1527 tecte
1656 1475 1690 1528 sit
1706 1473 1756 1528 sub
1774 1475 2009 1550 conditionemque

1191 1560 1219 1610 in
1238 1567 1358 1611 euentum
1379 1561 1551 1613 incertumst
1576 1557 1689 1612 initurum
1710 1559 1845 1630 suspendit
1869 1563 2007 1633 obligetio·

324 1660 353 1703 ιιι
371 1663 456 1704 entem
469 1652 523 1703 suis
541 1654 658 1704 numeris
668 1652 824 1713 obsolsetur,
845 1649 964 1702 lortoelis
984 1645 1057 1710 retio,
1075 1662 1140 1715 quse
1192 1658 1268 1706 nem,
1287 1652 1313 1696 et
1332 1661 1390 1696 eum
1410 1644 1454 1697 die
1472 1645 1589 1714 incerto,
1608 1660 1640 1696 su
1659 1653 1686 1696 ei
1710 1647 1829 1712 quendo,
1854 1649 1894 1699 rel
1920 1651 2009 1705 solum

322 1742 458 1804 utremqne
476 1734 594 1805 peginam
609 1735 684 1796 lucit,
705 1734 868 1787 discutiendo
889 1732 965 1785 seuit·
985 1732 1055 1781 tteee
1077 1746 1138 1784 eon·
1189 1743 1220 1778 tn
1240 1727 1274 1778 til
1293 1730 1433 1788 exstititit.
1450 1727 1588 1782 eotneitti.
1607 1729 1691 1782 snns.
1710 1747 1732 1782 c.
1750 1729 1770 1779 1.
1787 1721 1811 1781 d.
1830 1729 1874 1782 18.
1892 1729 2007 1789 sottott.

324 1815 395 1869 sistit
414 1817 441 1868 in
466 1817 607 1886 emptionis
626 1817 787 1870 venditionis
815 1815 946 1867 similisve
972 1811 1139 1864 elicuetionis
1188 1827 1210 1862 e.
1228 1809 1246 1858 1.
1266 1811 1329 1876 opit.
1348 1811 1391 1862 st.
1408 1811 1555 1880 querritnr,
1573 1822 1663 1864 utrisne
1677 1812 2010 1890 vicinusrettulsrrepos·

322 1895 495 1966 perfectione,
510 1902 570 1964 justi
585 1903 664 1970 pretii
678 1902 819 1965 solutione,
833 1907 966 1966 protorum
982 1896 1140 1967 temporisne
1188 1893 1245 1944 ritl’
1261 1893 1315 1946 Nos
1334 1893 1398 1944 illud
1417 1910 1475 1945 cum
1496 1892 1620 1946 tte-niet.
1638 1897 1672 1947 de
1688 1900 1814 1952 contrait.
1831 1914 1913 1969 empt.
1930 1923 2008 1960 uuus.

323 1979 428 2034 tettntst
447 1985 637 2038 observatione.
650 1986 681 2037 ln
695 1987 810 2056 primum
824 1991 885 2035 rute
897 1981 986 2034 omnis
1002 1979 1139 2049 inquirere
1189 1978 1250 2029 183.
1268 1995 1398 2046 negemus,
1413 1977 1459 2047 (1)
1477 1981 1536 2048 quie
1550 1984 1652 2048 emptio
1664 1989 1691 2032 ιι
1701 1984 1815 2037 renditlo
1828 2001 1879 2038 uon
1891 1987 1935 2040 'est
1946 2007 2009 2060 per.

322 2063 401 2117 debet
418 2065 529 2126 sistens.
543 2067 695 2138 respiciens,
716 2079 801 2122 utrum
816 2066 848 2116 ds
867 2067 952 2136 pretio
975 2075 1044 2118 certo
1069 2063 1138 2116 cirre

237 2199 238 2203 ,
321 2163 377 2202 rem
396 2151 448 2218 jero
472 2152 645 2221 interpretes
664 2155 722 2220 jure
740 2150 907 2221 permittente
924 2146 1094 2211 messuerit,
1112 2155 1140 2199 et

321 2233 360 2283 sto
377 2233 503 2302 obligetio
520 2249 543 2286 et
564 2235 632 2287 estio
650 2236 774 2304 utrinque
796 2245 852 2288 oete
872 2235 926 2296 sit,
953 2248 1001 2284 neo
1029 2228 1085 2282 nsi
1110 2229 1139 2282 st

320 2317 392 2369 enim
411 2318 527 2370 venditio
545 2319 578 2370 sit
599 2319 668 2370 nulls
686 2319 740 2372 sire
769 2332 800 2370 ex
820 2316 922 2370 doleotn
948 2313 1139 2378 solemnitatis,

318 2401 373 2454 sine
390 2402 549 2455 suctoritetis
569 2403 720 2472 requisitor,
740 2402 793 2454 sire
811 2409 924 2470 propter
938 2395 1137 2468 inceperitetem

318 2501 463 2554 personne,
482 2486 537 2537 sire
554 2497 664 2554 propter
682 2485 771 2536 dolum
790 2483 893 2536 dentem
913 2497 1016 2534 cressum
1035 2487 1137 2532 uoulrr·

318 2569 389 2636 uiui,
408 2579 450 2621 eut
474 2569 547 2622 eliud
572 2569 753 2640 quodcumque
776 2568 888 2630 sitium,
915 2565 1041 2620 retreotui
1067 2566 1138 2618 locus

316 2651 443 2705 nouerit.

353 2737 420 2808 Quis
438 2738 480 2790 lex
493 2737 532 2792 sel
550 2746 672 2790 steintum
692 2738 800 2805 loqueos
819 2733 851 2786 de
863 2731 1023 2795 venditione,
1035 2730 1135 2782 intelli·

314 2819 385 2888 gitur
403 2823 434 2872 de
451 2821 600 2874 venditione
618 2821 710 2883 selide,
729 2838 788 2886 arg.
807 2819 824 2870 1.
840 2820 864 2870 3.
884 2819 905 2883 5,
926 2815 1134 2869 condemnatum

304 2897 349 2969 ff.
360 2901 393 2954 de
410 2919 440 2953 re
453 2901 511 2971 p'ud.
524 2902 542 2952 1.
557 2919 613 2953 non
624 2901 733 2972 pritanis
745 2901 771 2952 8.
785 2901 807 2966 §.
823 2917 878 2951 non
893 2898 1001 2970 quaerit
1014 2899 1038 2949 1.
1044 2896 1086 2966 ff
1100 2899 1133 2950 de

1190 2061 1254 2114 iente
1272 2065 1298 2114 d.
1317 2064 1336 2114 1.
1355 2063 1380 2114 8.
1396 2080 1437 2130 pr.
1456 2062 1481 2115 d.
1497 2081 1548 2131 per
1565 2073 1591 2116 et
1608 2083 1704 2118 comm.
1723 2070 1766 2118 rei
1782 2067 1863 2122 vend.
1888 2071 1928 2144 (2)
1952 2091 2008 2144 erg.

1189 2147 1200 2197 l
1225 2147 1269 2198 13.
1287 2145 1310 2218 5.
1329 2164 1388 2208 rien.
1406 2151 1432 2202 d.
1455 2149 1524 2201 ordi
1532 2148 1561 2200 it.
1574 2149 1649 2202 edict.
1669 2151 1714 2203 ubi
1735 2153 1868 2208 inutiliter
1886 2157 2005 2211 redblbi·

1192 2235 1256 2283 torte
1275 2234 1344 2285 ectio
1364 2234 1484 2285 interituri
1506 2234 1602 2286 dieitur
1620 2243 1682 2288 ente
1699 2237 1856 2289 existentem
1876 2241 2008 2296 oomlitio·

1191 2335 1259 2379 uem,
1278 2316 1361 2369 sddite
1382 2317 1488 2382 retione,
1507 2317 1566 2386 quie
1587 2318 1700 2372 nondum
1720 2319 1834 2390 periente
1852 2325 1954 2394 emptio
1964 2344 2008 2380 er-

1192 2399 1271 2450 bitrio
1290 2399 1385 2463 judicie
1404 2399 1556 2469 imperti-cte
1578 2399 1635 2456 fieri
1656 2421 1708 2455 non
1727 2416 1830 2473 potest.
1850 2404 1893 2478 (3)
1915 2427 1969 2480 erg.
1987 2411 2006 2464 1.

1194 2481 1237 2532 13.
1255 2477 1278 2548 5.
1298 2481 1323 2534 ll.
1342 2483 1374 2535 ds
1390 2483 1496 2551 pignos.
1515 2484 1533 2536 1.
1554 2484 1598 2537 11.
1616 2493 1637 2548 ς.
1658 2487 1683 2538 3.
1701 2486 1727 2538 d.
1741 2489 1768 2560 j
1788 2489 1844 2542 slot.
1861 2492 1929 2560 qnod
1949 2497 2008 2564 pln-

1190 2565 1261 2615 ritus
1283 2567 1394 2616 illustret
1415 2567 1524 2635 'iiruqu
1546 2573 1566 2628 5.
1587 2571 1612 2620 1.
1628 2569 1666 2637 gi.
1690 2569 1716 2623 2.
1741 2587 1817 2623 tisim.
1837 2573 1880 2626 22.
1898 2586 2008 2649 etsepq,

1186 2645 1228 2715 (l)
1247 2649 1305 2716 lpse
1324 2648 1469 2718 lleinbinq,
1486 2651 1530 2719 qui
1550 2651 1614 2702 elies
1632 2661 1671 2703 eet
1691 2653 1758 2704 inter
1777 2653 1967 2710 dissentientes
1979 2681 2005 2732 p.

1188 2731 1211 2782 l.
1233 2749 1307 2785 rrum.
1326 2733 1368 2784 tt.
1389 2731 1484 2785 letetur
1508 2741 1601 2785 conire
1630 2735 1790 2788 venditorem
1817 2740 2010 2810 retreisentem,

1184 2830 1261 2883 egere
1279 2833 1330 2870 non
1351 2834 1396 2884 pos
1413 2833 1428 2868 e
1446 2816 1580 2885 pendente
1598 2819 1756 2884 conditione,
1771 2821 1831 2875 licet
1845 2835 1936 2876 oontrs
1952 2844 2007 2879 em·

1186 2914 1285 2966 psorem
1305 2911 1420 2964 essesut,
1440 2909 1472 2950 ut
1492 2901 1592 2953 scilicet
1611 2903 1652 2968 ine
1671 2903 1751 2968 illud,
1770 2907 1955 2978 qualecumque
1974 2929 2007 2964 er

314 2982 377 3036 bon.
389 2998 458 3050 porr.
472 2993 560 3035 contr.
578 2985 628 3034 inb.
647 2983 676 3034 Et
696 2985 744 3034 boc
763 2985 814 3047 its,
834 2985 854 3034 ei
875 2982 1040 3035 venditoris
1055 2985 1132 3036 nulli·
1182 2991 1239 3030 netis
1257 2981 1426 3035 conditioneli
1447 2995 1533 3035 neotus
1551 2996 1597 3045 est,
1611 2987 1753 3038 retrsbeoti
1774 2991 1959 3065 dimittensque
1972 3003 2001 3054 t„

312 3073 368 3121 tete
393 3065 521 3136 excipiet,
540 3076 641 3135 emptor
659 3068 741 3130 enim,
760 3083 841 3135 equo
865 3075 1011 3133 retempto
1030 3075 1068 3118 est
1088 3085 1126 3119 se·
1183 3082 1242 3116 eesu
1259 3066 1399 3118 existentis
1420 3066 1585 3122 contuitionis
1597 3081 1688 3122 eontre
1701 3073 1862 3128 venditorem
1882 3085 2002 3150 experiri

313 3149 456 3215 trebeude,
475 3149 571 3203 frustrs
590 3150 737 3202 nullitstem
757 3159 904 3203 oootrsotus
922 3151 1053 3219 ellegebit,
1070 3169 1128 3204 num
1182 3149 1275 3216 pos-tt,
1293 3165 1380 3202 serum
1400 3168 1449 3216 qni
1469 3153 1585 3212 notione,
1606 3169 1658 3205 nou
1677 3157 1818 3227 espriinit;
1843 3178 2006 3236 qn,„„„„,

311 3231 370 3301 ipso
388 3233 467 3287 etism
487 3232 631 3288 iustiores
650 3231 747 3287 retrsbi
767 3236 863 3303 possit,
875 3248 925 3285 uou
939 3232 1059 3286 obstante
1073 3232 1127 3285 nul
1180 3234 1213 3283 ob
1232 3230 1364 3286 delectum
1384 3233 1574 3302 obligationis,
1593 3256 1657 3306 quse
1674 3243 1702 3294 in
1721 3242 1769 3295 boc
1787 3261 1847 3300 essu
1875 3251 1945 3304 iuter
1965 3273 2009 3307 re·

311 3315 395 3367 litote.
415 3315 461 3368 Slo
478 3333 530 3368 uon
558 3316 679 3370 obsteute
705 3315 794 3370 eedem
820 3318 852 3369 eb
879 3327 999 3384 emptore
1029 3318 1128 3386 objeote
1179 3316 1323 3368 trahentem
1345 3327 1371 3369 et
1393 3330 1540 3389 emptorem
1560 3323 1630 3374 nulle
1650 3335 1698 3388 est,
1718 3345 1767 3379 nos
1786 3330 1843 3382 sine
1863 3336 1959 3388 rstiaoe
1977 3353 2005 3394 ιι

310 3401 444 3471 prqedium
459 3402 571 3455 minoris
590 3404 648 3455 sine
665 3402 770 3455 decreto
787 3409 813 3456 et
826 3404 864 3455 stc
877 3401 1127 3458 imilitereenditum
1181 3400 1235 3466 lege
1252 3397 1320 3468 loqui
1335 3400 1523 3467 erulseeimos,
1538 3405 1687 3475 nnllemque
1699 3413 1828 3464 sotionem
1845 3429 1931 3471 netem
1947 3438 2005 3477 ιιι.

310 3486 427 3552 ooqoetis
451 3483 501 3537 tuit
525 3486 702 3550 ediudieetum
729 3486 757 3537 in
783 3503 902 3553 supreme
927 3483 1029 3540 Frisios
1048 3489 1128 3542 euris,
1181 3482 1324 3533 tetrsbenti
1344 3479 1519 3539 etfirnenus

307 3567 423 3619 Jobsnu.
440 3589 454 3620 e
473 3569 559 3622 Sensle
577 3567 862 3621 indecisaureislib.
890 3570 915 3621 3.
936 3579 956 3620 ι.
982 3570 1008 3621 ll.
1033 3569 1088 3641 διχῖ
1102 3572 1126 3624 1.
1217 3563 1703 3637 11111ἰωουᾶῑωιιῑιωειπιμί
1731 3578 1911 3634 venditionem
1937 3601 2000 3638 eou-

310 3647 421 3719 Quodsi
438 3654 661 3706 temenrenditur
680 3651 824 3706 nullitstem
840 3671 890 3704 noo
916 3666 1040 3721 opponet,
1059 3657 1127 3724 qnod
1179 3645 1333 3700 ditinttslem
1353 3651 1459 3702 trsolitio
1478 3655 1652 3720 subsequetur
1670 3677 1726 3712 rum
1743 3663 1904 3732 edjeotione,
1917 3683 1942 3722 ut
1958 3690 2003 3728 se,

309 3731 363 3801 ipsi
382 3731 493 3785 licitum.
512 3733 529 3783 l.
543 3736 586 3785 ts.
602 3742 623 3796 ι.
644 3735 689 3785 27.
708 3745 733 3787 et
746 3731 863 3806 reptuff.
888 3736 914 3788 d.
935 3747 989 3790 oct.
1012 3750 1090 3808 empt.
1110 3741 1126 3792 t,
1178 3731 1288 3797 stetim,
1308 3735 1355 3786 boo
1373 3745 1410 3787 est
1432 3754 1511 3806 pure,
1530 3743 1659 3807 emporis
1677 3741 1747 3810 tu,
1775 3753 1814 3801 sic
1834 3755 1905 3806 enim
1930 3775 1994 3810 cuu-

309 3812 333 3865 θ.
353 3835 376 3871 c·
394 3817 568 3870 oritis-mut.
590 3809 1127 3889 διιιιι,ιι.ἰνο.8.θ.111.Ζιιι.ιιι1]ι
1179 3827 1273 3869 tructus
1290 3821 1404 3888 quelitss
1421 3822 1543 3874 sturnus
1562 3837 1583 3878 et
1610 3827 1778 3898 purilientnr,
1797 3835 2004 3898 ilueeutelirnn-

308 3896 334 3948 d.
352 3894 406 3950 dol.
421 3899 484 3952 mol.
500 3917 525 3951 n.
541 3901 566 3952 3.
586 3909 647 3952 tutte
664 3909 790 3955 retrursus
807 3904 892 3956 locum
912 3903 1030 3965 hebebit,
1045 3913 1069 3957 ιι
1090 3903 1127 3956 ie·
1179 3904 1249 3952 tzhio
1267 3922 1290 3954 c.
1305 3906 1320 3954 l.
1337 3921 1410 3957 nunt.
1424 3904 1484 3958 290.
1504 3925 1556 3959 noo
1574 3908 1680 3977 quidem
1694 3913 1752 3981 dtr,
1772 3927 1799 3970 ιιι
1818 3923 1935 3976 conditio
1955 3944 1999 3981 su-

307 3982 357 4036 isle
374 3982 407 4034 eb
424 3999 454 4036 eo
474 3991 590 4052 tempore
608 3984 813 4054 eomputendum
827 3987 885 4047 erit,
902 4003 953 4054 quo
966 4001 993 4037 ee
1010 3984 1127 4038 senditio
1178 3985 1297 4050 spontive
1315 3999 1428 4040 tressseet
1449 3991 1475 4040 iu
1496 3991 1682 4060 resolutivam,
1702 4009 1726 4049 et
1746 4019 1935 4070 consequenter
1953 4013 2000 4066 ιιι..

306 4063 377 4116 nulls
397 4064 424 4117 io
443 4067 578 4136 principio
596 4067 676 4120 robur
688 4068 797 4137 sucepit,
812 4069 849 4122 sel
863 4085 1071 4139 perexpressem
1085 4089 1127 4141 ep.
1177 4063 1303 4119 definieos
1323 4080 1393 4120 rotro
1412 4083 1594 4137 tinnimentum,
1614 4088 1640 4128 ot
1659 4094 1691 4129 ιι
1711 4093 1780 4147 tuno,
1798 4099 1823 4140 ur
1841 4089 1983 4157 10„„„„„„.

307 4147 489 4216 probstionesn
504 4152 544 4203 sel
556 4153 669 4204 incitem.
679 4149 821 4206 Βοιιιιιιι.
829 4154 925 4207 Gener.
937 4154 962 4206 ι1.
977 4157 1041 4225 disp.
1052 4147 1073 4207 1.
1082 4158 1125 4212 so.
1177 4151 1235 4202 sine
1253 4167 1316 4205 nore
1334 4155 1508 4207 consentione
1526 4157 1647 4223 resolvet,
1666 4163 1734 4216 sicut
1753 4170 1817 4222 eliee
1837 4173 1863 4223 in
1885 4176 1904 4227 1,
1921 4143 2001 4233 mm:

345 4227 451 4300 Emptis
469 4245 555 4285 sutem
574 4245 599 4289 et
616 4235 734 4287 venditio
747 4253 797 4288 nou
817 4255 869 4290 uno
883 4241 958 4292 modo
971 4242 1125 4312 celebs-,tuq
1178 4237 1297 4286 missoris
1319 4237 1482 4302 obserentur,
1499 4241 1517 4291 1.
1529 4239 1554 4290 1.
1566 4257 1589 4293 c.
1601 4244 1634 4296 dr
1642 4257 1714 4312 puer,
1727 4247 1777 4302 tm,
1789 4266 1865 4318 mm„
1880 4269 1906 4310 ρ,
1919 4271 1996 4320 vend·

306 4312 353 4367 ssd
373 4317 411 4366 sel
429 4333 493 4385 pure
511 4329 535 4370 et
556 4319 724 4386 simpliciter,
744 4337 776 4370 ex
792 4337 842 4390 qus
862 4323 952 4375 stetim
972 4325 1011 4392 ogi
1033 4337 1125 4395 potest,
1175 4315 1192 4368 i.
1207 4317 1232 4367 ii·
1249 4317 1268 4366 1·
1276 4315 1327 4385 fin.
1340 4319 1365 4369 d.
1377 4321 1395 4370 1.
1409 4324 1545 4375 cornmiss.
1562 4325 1608 4376 sed
1627 4338 1654 4378 nt
1668 4331 1768 4400 emptio
1782 4353 1890 4407 propter
1903 4343 1991 4413 hujus.

307 4397 326 4448 1.
339 4397 400 4448 ild.
412 4400 444 4451 de
455 4416 479 4449 c.
495 4415 515 4452 s.
531 4408 551 4462 ι.
565 4399 592 4455 d.
604 4401 637 4455 de
650 4419 677 4454 v.
691 4419 717 4453 o.
737 4401 776 4453 sel
795 4423 846 4456 noo
868 4422 940 4472 pure,
951 4407 1076 4478 illudque
1091 4408 1125 4464 lit
1177 4397 1247 4449 modi
1267 4399 1435 4455 traditionem
1453 4405 1643 4470 qtiodeiumodo
1661 4409 1758 4464 similis
1777 4414 1821 4468 fiet
1849 4423 1905 4488 illi,
1926 4447 1993 4496 qu„

307 4481 347 4532 sit
365 4497 411 4549 per
428 4482 599 4546 edjeetionem
622 4484 675 4535 diei
695 4487 733 4537 sel
753 4487 932 4539 conditionis.
952 4487 1016 4542 Dies
1034 4491 1125 4562 edjioi·
1176 4481 1338 4536 ‘⁰⁰¹¹'ihilttl'
1357 4484 1404 4535 ⁸⁰¹³
1422 4481 1516 4540 filimi·
1537 4492 1768 4548 “lffltffl‘liliffltit
1789 4512 1831 4552 eut
1860 4523 1935 4572 petto
1960 4515 1995 4568 ιιι

303 4565 403 4616 tresel
422 4573 452 4618 ut
470 4570 597 4619 terminus
615 4567 646 4619 sd
658 4585 744 4636 quem,
759 4577 819 4638 pute
833 4571 854 4621 si
866 4569 898 4622 ed
910 4572 1121 4644 quinquennium
1176 4567 1387 4630 retrosemtendo,
1406 4569 1519 4638 edeoque
1539 4589 1591 4624 non
1610 4575 1634 4626 si
1653 4587 1679 4629 et
1697 4590 1822 4648 poti-stete
1833 4587 1912 4640 solius
1924 4609 1987 4646 coo.

304 4663 348 4699 res
366 4649 498 4714 enodetur,
517 4661 546 4703 ut
567 4652 594 4702 in
614 4651 631 4701 t.
647 4652 692 4702 80.
707 4659 729 4712 ς.
749 4651 774 4704 2,
795 4653 828 4705 (10
846 4657 968 4710 contemp,
988 4671 1064 4726 emp,
1083 4663 1122 4716 ,ΩΙ
1174 4647 1285 4700 ditionis
1304 4643 1462 4714 «trininatis,
1482 4653 1526 4704 sed
1545 4655 1656 4709 sotionis
1674 4661 1724 4723 rie,
1742 4671 1770 4714 ut
1789 4681 1821 4716 ex
1841 4687 1912 4721 ituree
1925 4693 1988 4728 ron.

304 4740 433 4802 tumquem
451 4734 678 4804 terminosrquo,
692 4745 718 4787 nt
734 4731 827 4788 diletio
839 4739 972 4807 quendem,
986 4759 1033 4811 prr
1044 4760 1121 4814 qum,
1175 4741 1271 4784 treotus
1289 4737 1467 4801 rescindetur,
1493 4746 1519 4788 et
1545 4752 1732 4809 eonsequeuter
1757 4757 1860 4818 emptor
1886 4765 1988 4812 interes

305 4815 408 4868 erectio
426 4815 452 4868 iu
472 4828 572 4871 eertum
593 4829 694 4885 tempus
720 4819 906 4890 suspenditur.
933 4821 1018 4877 Priori
1046 4827 1122 4884 mindo
1175 4812 1740 4890 11111111101(1011111311ειιιιιίιιιΙιιιιι
1761 4833 1988 4910 sustinerueorfi

303 4896 360 4952 dies
380 4897 442 4952 teuit
460 4903 619 4970 emptionem
639 4901 817 4957 serettttonen
838 4923 945 4974 petrem,
971 4904 993 4977 5,
1012 4910 1038 4962 9,
1057 4911 1120 4965 tm,
1172 4895 1192 4946 1.
1209 4899 1234 4947 ’1.
1253 4904 1275 4959 ι.
1295 4900 1319 4950 3.
1338 4915 1403 4952 ιινι.
1421 4901 1486 4968 quid
1504 4920 1577 4971 ergo.
1595 4904 1623 4958 in
1627 4907 1684 4977 fin.
1705 4910 1815 4982 ffidep'.
1834 4917 1890 4969 dot.
1909 4923 1986 4991 stotl

304 4990 331 5032 et
348 4980 361 5031 1
388 4971 430 5033 ild:
450 4991 470 5046 ι.
490 4982 515 5035 1.
532 4984 558 5034 d.
578 5001 600 5036 c.
619 5002 644 5035 o.
657 4985 755 5055 juncto
774 4987 792 5040 1.
811 4987 853 5039 11.
872 4986 894 5058 5.
915 4994 938 5044 ι,
956 4991 988 5042 de
1000 5009 1025 5044 ο,
1039 5004 1065 5045 01
1078 5011 1120 5061 p,
1172 4982 1193 5033 si
1211 4983 1365 5052 simpliciter
1383 4985 1490 5037 treditio
1507 4984 1563 5050 t'tst,
1584 4993 1720 5045 trensletio
1738 4995 1850 5052 dominii
1868 5006 1985 5059 onmob·

303 5065 365 5132 quie
382 5063 438 5118 dies
457 5083 508 5116 non
527 5066 686 5120 differendus
703 5070 875 5139 obligationi,
893 5073 937 5125 sed
963 5077 1120 5132 constitum
1172 5071 1296 5138 ligetinno
1314 5069 1482 5124 oooditloosli
1502 5077 1618 5138 ejissdem
1638 5079 1772 5146 quelitetis
1790 5096 1840 5146 est,
1853 5096 1879 5140 et
1893 5089 1919 5138 in
1937 5091 1983 5145 du.

305 5144 440 5201 finiendos
459 5149 590 5218 sdjiritur,
609 5147 719 5222 linitque
737 5155 808 5205 illum
828 5171 878 5206 non
898 5153 997 5209 directo
1015 5167 1041 5210 ιι
1063 5161 1120 5228 jure
1171 5155 1214 5207 bio
1230 5157 1309 5206 etiem
1322 5157 1656 5228 preesnmitur,'l¹trsqnnll.
1670 5181 1692 5216 e.
1706 5163 1723 5215 1.
1738 5183 1811 5219 nune.
1825 5169 1866 5221 8³,
1881 5181 1905 5222 es
1920 5189 1981 5228 mn.

306 5245 387 5294 mero,
407 5241 510 5302 tempus
527 5236 598 5284 enim
618 5252 666 5302 per
684 5252 712 5287 se
729 5254 813 5306 neque
829 5236 930 5291 inducit
947 5256 1031 5309 neque
1050 5245 1117 5298 tollit
1169 5241 1270 5290 tutone
1287 5242 1415 5293 existente
1433 5251 1504 5294 retro
1521 5245 1679 5312 scquisitum
1698 5247 1809 5314 ridetur,
1828 5269 1886 5322 asp.
1911 5257 1927 5308 t,
1952 5261 1978 5312 7,

305 5314 502 5382 obligetiooem,
521 5317 566 5366 sed
587 5333 617 5369 er
635 5320 765 5386 eequitete
782 5321 899 5390 opposite
918 5323 985 5392 penti
1005 5327 1045 5380 ιιι
1064 5326 1117 5380 doli
1168 5323 1193 5375 d.
1209 5325 1333 5379 contritis.
1349 5337 1428 5391 ssnpt.
1447 5323 1586 5382 deficiente
1603 5346 1671 5392 reto.
1690 5348 1723 5383 ιο
1739 5335 1845 5403 quidem
1866 5359 1977 5414 unquam

303 5399 457 5468 exceptione
475 5409 532 5470 post
551 5401 604 5454 diei
623 5402 724 5471 lapsum
743 5405 799 5467 dt.
815 5407 839 5457 3.
853 5406 913 5460 inst.
928 5407 954 5459 d.
966 5424 988 5459 c.
1002 5427 1028 5462 o.
1049 5420 1077 5465 ιι
1099 5414 1116 5466 1.
1168 5425 1198 5459 eo
1216 5411 1305 5461 enimn
1324 5410 1478 5461 treissletnm
1496 5423 1647 5478 censentur,
1665 5434 1723 5483 urg.
1736 5416 1762 5471 d.
1775 5419 1793 5472 1.
1806 5422 1832 5473 3.
1847 5424 1873 5476 d.
1889 5443 1941 5493 per
1953 5440 1979 5481 et

304 5477 348 5530 11.
362 5487 384 5542 5.
402 5481 425 5530 1.
438 5497 501 5533 sert.
513 5484 653 5553 ploretffi
665 5485 696 5537 de
708 5503 734 5538 o.
747 5499 773 5540 et
786 5507 812 5538 a.
833 5491 873 5541 rel
891 5489 1046 5560 exceptione
1058 5495 1116 5564 plns
1168 5493 1301 5548 commoti.
1314 5495 1356 5549 sei
1367 5497 1442 5548 send.
1455 5496 1472 5547 1.
1486 5499 1529 5548 37.
1543 5499 1570 5549 in
1573 5497 1632 5567 fin.
1645 5502 1673 5554 d.
1685 5516 1771 5557 contr.
1785 5523 1865 5574 empr,
1884 5527 1909 5562 et
1922 5514 1977 5581 qui.

303 5561 439 5631 petitionis
450 5564 472 5629 5.
488 5565 531 5616 tu.
545 5567 605 5615 inst.
617 5564 650 5618 de
662 5579 758 5633 except.
775 5569 888 5623 Sntbolt.
909 5575 975 5646 disp.
990 5575 1033 5628 tt.
1054 5579 1114 5647 apli.
1167 5578 1224 5630 dem
1245 5578 1291 5632 snb
1310 5581 1373 5644 jure.
1393 5591 1419 5630 ut
1438 5591 1462 5634 ιι
1483 5579 1581 5634 ternotus
1599 5585 1703 5638 interim
1723 5605 1856 5659 perceptos
1871 5610 1975 5664 empto,

305 5647 346 5697 10.
368 5645 500 5702 Posterior
510 5649 621 5716 sitiectio
634 5651 763 5718 impurem
775 5649 836 5706 iecit
852 5655 1036 5726 renititionsm,
1046 5677 1113 5732 quet,
1166 5665 1292 5728 restituet,
1304 5675 1330 5718 et
1349 5664 1468 5718 renititur
1487 5667 1627 5737 perieulum
1648 5673 1770 5728 sustinent
1786 5671 1813 5728 d.
1827 5675 1845 5726 l.
1856 5677 1884 5730 8.
1895 5677 1974 5731 Fren-
