4456 6208
381 440 435 491 187

326 547 402 587 rente
421 535 512 586 ridere
529 533 617 592 debet,
638 549 670 584 ur
689 529 834 601 respublica
861 527 960 598 aliquid
987 525 1140 580 detrimenti

326 619 422 688 rapiat.
441 619 471 669 lu
489 619 680 671 Germanorum
701 634 802 686 quoque
815 615 922 684 antiqua
949 611 1050 684 republ.
1077 612 1147 679 regi·
1167 639 1170 646 ·

325 701 375 752 bus
393 699 516 767 quidem,
535 719 584 753 neo
604 699 706 752 inlinita
726 711 769 750 ¹aut
788 697 870 749 libera
884 705 1000 766 potestas
1016 705 1081 748 erat.
1094 695 1145 746 'la-

325 782 372 834 eit.
393 782 483 834 Germ.
496 799 519 834 e.
536 783 563 833 t.
582 780 678 834 Contra
700 797 797 834 rnorem
813 791 897 831 temen
912 787 1013 832 erratus
1027 776 1077 829 tuit
1091 794 1147 838 rex,

328 865 390 922 tutti
409 864 542 919 absolutus
560 865 668 919 arbiter.
686 863 732 916 Uti
755 873 872 934 ternpore
891 861 979 915 Caroli
997 861 1089 931 Magni
1102 878 1146 913 ex-

330 947 601 1003 atttrvvtttttntos:
623 956 650 1000 et
669 945 815 1002 trtoatsuu
846 955 964 1018 tempore
991 945 1057 1001 tottt
1089 944 1150 998 Cre·

331 1046 409 1084 seres.

367 1121 390 1177 ς.
409 1113 529 1168 28.Νοιι
548 1113 697 1184 promiscue
718 1124 804 1169 temen
836 1131 895 1166 enm
925 1113 1048 1168 omnibns
1079 1112 1150 1183 paeis

331 1197 412 1252 sentio
432 1207 489 1263 ert,
507 1199 553 1268 qni
573 1198 655 1249 ermis
675 1215 721 1250 eros
740 1199 908 1268 petirernnt,
926 1198 980 1250 nisi
995 1199 1048 1250 sint
1064 1197 1148 1268 pnbli·

331 1282 357 1334 ei
378 1290 403 1334 et
422 1281 551 1334 solemnes
569 1282 666 1333 hostes.
685 1283 781 1336 llostes
799 1293 884 1335 eutem
904 1293 977 1343 aaut,
997 1281 1042 1350 qol
1072 1281 1150 1333 nobis

333 1373 378 1418 ant
395 1365 492 1435 quibus
510 1381 557 1417 uos
577 1365 679 1434 publice
697 1364 793 1418 bellum
814 1364 990 1427 decrevimus,
1006 1363 1104 1416 caeteri
1118 1365 1152 1414 la-

334 1460 423 1504 teones
438 1457 483 1501 ent
501 1449 643 1518 praedones
662 1458 737 1512 stante
756 1449 898 1502 serrandum
919 1447 1093 1518 Pomponium
1121 1447 1148 1497 iu

332 1533 350 1585 l.
371 1534 432 1584 118.
441 1528 481 1600 ffi
501 1533 534 1586 de
546 1533 665 1584 V.Stnee
682 1531 772 1586 differe
790 1534 918 1605 Ulpianus
930 1532 958 1584 in
972 1531 989 1585 i.
1009 1532 1096 1584 dos-ter
1107 1528 1151 1583 tt.

324 1615 366 1686 ff.
385 1617 417 1670 de
434 1618 530 1685 enptr'es
547 1627 573 1670 et
589 1617 708 1682 postlim.
727 1633 828 1672 revers.
847 1617 888 1670 Ex
907 1619 963 1686 lege
981 1615 1041 1668 xtt.
1067 1612 1151 1667 Tabb.

333 1699 419 1752 bostis
436 1699 576 1752 sorebetur
595 1700 763 1768 peregrinos:
783 1701 852 1754 nude
872 1699 967 1753 Cicero
981 1700 1005 1750 1.
1024 1697 1096 1766 effic.
1108 1696 1151 1748 ed-

333 1799 423 1836 rersos
441 1782 539 1838 bostem
560 1793 665 1836 aeterna
683 1783 833 1838 enntorites.
851 1785 886 1838 Et
912 1783 940 1836 in
959 1783 978 1834 l.
996 1779 1059 1833 23⁴.
1067 1777 1109 1849 ff
1120 1779 1152 1833 de

341 1867 375 1919 V.
394 1868 421 1918 d'.
441 1882 506 1936 qnos
523 1865 608 1918 hostes
625 1867 801 1936 eppellamus,
820 1885 865 1920 eos
882 1877 978 1921 veteres
1005 1865 1152 1934 perduelles

335 1949 478 2016 rorabant3
496 1950 605 2003 lenitate
624 1949 695 2002 serbi
717 1951 855 2004 tristitiam
875 1949 914 2004 rei
934 1947 1082 2017 mitigante,
1096 1945 1150 1998 Cio.

334 2034 400 2087 ittet.
419 2033 565 2088 Perduellis
582 2035 655 2086 enim
675 2055 690 2088 a
711 2034 847 2106 perduelles
865 2034 914 2085 hoo
931 2041 970 2086 est
990 2030 1091 2095 duello,
1104 2047 1152 2081 nee·

335 2114 369 2167 de
387 2113 494 2169 bellom.
505 2117 552 2170 Uti
567 2129 722 2186 tyrannum,
741 2119 886 2180 latronem,
907 2114 984 2170 hodie
1005 2115 1057 2167 alio
1075 2130 1152 2167 seusu

336 2197 512 2266 appellemus,
532 2198 661 2251 similiter
673 2217 774 2270 qnoque
787 2200 896 2253 hostem.

372 2275 398 2349 5.
416 2279 460 2331 80.
477 2277 585 2332 ΝιιΙΙιιιιι
605 2281 705 2334 bellum
721 2298 780 2334 esse
800 2283 919 2348 justum,
946 2277 997 2332 nisi
1022 2279 1091 2349 qnod
1109 2288 1153 2334 aut

339 2361 418 2414 rebus
436 2363 559 2433 repetitis
575 2375 697 2433 geratur,
716 2373 760 2417 eot
779 2363 965 2417 denunciatum
983 2373 1043 2417 ante
1056 2362 1109 2428 sit,
1128 2371 1154 2416 et

338 2444 486 2498 indictum:
504 2446 591 2518 inquil
611 2445 666 2499 cto.
686 2449 710 2499 1.
729 2444 806 2516 qsfie.
826 2445 1094 2514 Himintelligimrrs,
1108 2441 1153 2496 de·

335 2527 530 2584 unneietionean
549 2531 611 2585 belli
629 2530 754 2584 omissam
782 2528 893 2583 reddere
917 2528 964 2596 ld,
988 2528 1104 2598 qoausris
1120 2544 1154 2579 ea

337 2613 403 2676 juata
419 2613 484 2666 allas
503 2629 577 2667 renea
597 2613 812 2686 surripiendum,
839 2613 978 2683 injustum.
1002 2611 1065 2668 tlt.
1084 2611 1153 2665 Gro-

336 2697 404 2750 tinm
423 2697 456 2752 de
469 2698 527 2770 jur.
546 2699 572 2751 b.
589 2707 656 2768 etp.
675 2698 694 2751 1.
713 2699 738 2750 8.
757 2714 779 2752 e.
799 2699 825 2751 8.

371 2783 457 2842 ι.81.
477 2784 560 2852 Atqoe
574 2783 636 2836 haro
649 2783 712 2835 belli
734 2780 814 2836 futuri
840 2777 1000 2852 significatio
1023 2780 1058 2832 ob
1077 2797 1154 2848 nego·

336 2861 434 2914 tiorum
454 2863 652 2928 eruditionem,
666 2865 791 2936 requitati
809 2873 835 2917 et
854 2863 964 2916 naturali
984 2862 1078 2915 rationi
1092 2879 1152 2916 eon·

339 2957 461 3000 eeutanea
479 2957 528 3000 est.
546 2949 581 3000 Ut
599 2949 700 3028 seilicet
717 2957 867 3012 constaret,
887 2965 939 3002 non
954 2948 1054 3019 prirato
1073 2965 1153 3015 auso,

336 3029 505 3099 sotpobttee
523 3031 675 3084 anctoritate
694 3032 792 3084 bellurn
817 3035 889 3100 geri,
921 3039 948 3084 et
977 3030 1083 3084 effeetus
1113 3048 1152 3084 sn-

335 3113 437 3165 lenrnee
447 3111 572 3184 deinceps
589 3113 665 3166 oriri.
686 3113 770 3184 teque
788 3123 817 3167 nt
834 3113 1000 3178 eatisiaetio‚
1013 3115 1050 3165 rel
1064 3115 1152 3167 omnis

336 3194 555 3265 redintegrandae
571 3195 706 3250 emieitiae
716 3195 811 3250 modus
822 3197 895 3267 prins
916 3204 1043 3251 tentetur.
1058 3199 1150 3250 Extre-

336 3292 378 3326 ma
398 3276 527 3347 signidem
547 3294 624 3332 tremo
641 3281 731 3350 primo
751 3279 860 3332 tentarit
877 3279 934 3334 loco
945 3319 954 3345 ,
979 3287 1007 3333 et
1031 3281 1152 3333 eonsilais

334 3358 411 3428 prins
423 3376 500 3429 qnam
512 3361 593 3415 armis
605 3363 722 3432 experiri
737 3363 891 3432 prudentem
910 3364 999 3426 deret,
1017 3364 1053 3417 ait
1073 3363 1152 3417 romi·

336 3459 390 3494 ens.
409 3443 587 3498 Humanitatis
604 3446 680 3500 etiam
700 3447 769 3499 ratio
787 3445 891 3514 suadet,
923 3456 952 3498 nt
980 3447 1096 3500 creditor
1122 3449 1150 3500 iu

333 3527 447 3596 privatis
463 3546 565 3600 quoqne
575 3532 660 3583 musis
676 3529 821 3584 debitorem
842 3529 1149 3602 moneat,quemin1u·

334 3611 433 3663 «tioium
452 3621 544 3678 aocet,
561 3624 588 3668 et
605 3612 690 3668 diram
709 3613 815 3668 reribat.
833 3613 866 3667 Et
885 3615 945 3666 belli
965 3617 1006 3684 jus
1031 3613 1070 3666 rel
1088 3623 1149 3677 eet,

336 3695 376 3744 rel
396 3710 455 3748 esee
470 3695 545 3748 debet
562 3698 742 3762 nenessitetie,
771 3697 882 3769 proinde
907 3697 998 3750 merito
1028 3697 1148 3749 omnium

336 3786 507 3842 postremum.
524 3777 595 3828 Hine
613 3781 724 3841 romani,
743 3789 882 3848 antequam
902 3781 1070 3834 decernerent
1094 3779 1148 3832 lael·

331 3857 402 3923 lum,
423 3858 559 3927 collegium
578 3859 710 3913 ferialium
731 3863 928 3915 consuluerunt.
954 3860 1009 3913 tte.
1033 3861 1051 3912 l.
1082 3865 1106 3912 1.
1125 3881 1147 3916 e.

334 3941 378 3991 88.
399 3941 418 3992 d
437 3942 532 4011 quibus
550 3943 628 4011 longo
646 3943 785 3998 tasenetto
803 3946 886 3997 nostri
906 3942 1009 3997 feriales
1026 3943 1082 3997 eise
1096 3946 1147 3998 lle·

330 4023 399 4080 ralali
417 4024 530 4088 distante
548 4027 654 4080 illorum
675 4028 746 4080 euim
767 4045 861 4081 ιιιιιιιιιι
879 4026 940 4087 1ιιίι,
957 4027 1018 4080 dare
1030 4045 1147 4096 operam,

333 4123 367 4160 ne
384 4108 487 4160 morani
507 4108 573 4162 ollae
591 4107 736 4165 foederatae
753 4112 854 4166 eisitati
882 4111 979 4163 bellum
1005 4109 1148 4165 inferrent:

332 4190 409 4258 Quod
427 4188 451 4241 ei
468 4191 555 4261 eliqua
573 4203 663 4246 eontra
676 4192 765 4248 foetos
776 4197 849 4265 prins
867 4195 1001 4248 intulisset
1015 4195 1147 4264 injuriam,

333 4272 384 4341 ipsi
404 4270 509 4328 feciales
528 4289 586 4328 enm
607 4288 678 4347 petre
697 4285 801 4348 patrato
817 4279 912 4346 legatos
929 4277 1048 4346 egebant,
1059 4279 1147 4333 verbis

332 4355 421 4423 primo
434 4371 477 4409 ree
494 4367 661 4440 repetenterg
680 4361 701 4412 si
721 4359 951 4431 postuletafeeere
968 4363 1146 4432 negligerent,

330 4435 429 4490 bellum
450 4438 613 4496 indicebant.

353 4519 391 4590 '§.
410 4521 455 4572 ³2.
473 4523 569 4577 lloster
586 4541 647 4594 ergo
660 4525 708 4577 ber
722 4527 823 4580 ratione
836 4527 968 4590 existunt,
983 4529 1078 4599 qollaor
1091 4530 1144 4584 bel-

328 4599 385 4652 lnm
405 4602 588 4672 perieeialem,
606 4603 683 4676 qoem
704 4609 782 4662 hodie
800 4612 933 4664 lsaraldnm
954 4629 1087 4676 sonemus,
1105 4615 1146 4667 in·

328 4683 446 4742 dietum:
466 4688 521 4741 rire
538 4690 618 4742 etiarn
636 4691 807 4759 clarigatione
825 4703 867 4746 aet
882 4689 1052 4746 nttutntone
1065 4696 1144 4751 inter-

330 4771 451 4822 veniente
469 4767 657 4838 significatum.
677 4774 757 4841 Cujus
776 4773 981 4845 significationis
1005 4790 1090 4834 certos
1109 4783 1146 4834 ri·

331 4863 389 4915 eos,
406 4863 489 4906 eertae
506 4865 596 4923 gentes
614 4867 789 4925 usurparunt.
810 4861 985 4913 Romenornm
1006 4863 1072 4914 ritus
1092 4873 1143 4916 tra·

329 4935 371 4985 dtr
390 4935 445 4990 Lir.
464 4937 489 4988 ie.
509 4937 534 4988 d.
554 4939 571 4989 l.
590 4957 613 4992 e.
632 4939 657 4990 l.
675 4940 737 4993 Eret
756 4941 835 4996 rrlnti
861 4943 950 4994 laestee
976 4946 1069 4998 missio
1094 4959 1143 5001 etr.

329 5017 376 5070 Sir
393 5019 509 5088 Quintus
527 5019 622 5074 Fabios
641 5023 863 5092 cartaginensibus
890 5026 977 5079 dissita
998 5029 1042 5080 laio
1070 5031 1144 5083 rolris

329 5099 426 5155 bettona
445 5112 471 5156 et
490 5120 579 5175 parem
600 5115 748 5174 portamus,
766 5122 850 5160 utrum
870 5109 956 5178 pleeet
973 5111 1143 5174 sumiteesue·

327 5185 463 5240 clamatam
482 5198 521 5242 est
538 5209 552 5242 a
571 5189 848 5260 charthaginenslbns,
866 5206 951 5246 otrum
972 5197 1049 5250 rellet
1061 5197 1142 5250 daret:

329 5277 356 5319 et
374 5270 398 5323 tr
416 5272 475 5324 rino
494 5270 578 5326 effuso
595 5273 694 5326 bellum
715 5274 777 5328 dare
802 5275 871 5331 dixit
898 5276 954 5329 Lis.
973 5279 1020 5330 at.
1048 5297 1073 5332 e.
1099 5283 1142 5336 18.

327 5350 433 5406 Delatus
452 5355 481 5406 in
497 5356 612 5410 Perriem
633 5357 778 5411 Alexander
801 5375 927 5429 magnus,
950 5362 1054 5430 primur
1072 5365 1139 5432 jeraa·

326 5432 380 5486 lum
400 5437 470 5489 reiut
489 5437 516 5489 in
537 5439 661 5492 hostilem
685 5450 779 5492 terram
798 5445 920 5510 eonjeeit.
937 5444 1008 5499 Curt.
1037 5449 1139 5518 supple·

330 5519 444 5570 menti.
467 5521 491 5572 2.
508 5521 537 5574 r'rr
550 5520 604 5591 siu.
624 5526 717 5576 Variae
742 5529 903 5579 eesemouies
934 5533 1021 5584 seriae
1048 5545 1140 5602 gentes

332 5612 498 5670 usurparunt.
515 5605 642 5658 Nostrates
661 5607 739 5660 bodie
757 5611 850 5677 aeripto
869 5613 972 5680 publiea
990 5632 1035 5666 een
1054 5619 1138 5670 mani.

331 5679 399 5733 festo
417 5684 606 5752 praetensionie
625 5705 726 5740 cansam
746 5694 915 5755 eontinente,
943 5713 987 5746 een
1007 5699 1089 5751 misso
1108 5700 1139 5751 ιιι

327 5775 427 5836 partem
446 5767 579 5824 adrersam
597 5771 694 5826 nuncio
714 5771 841 5840 militari,
861 5779 978 5834 tubicine
995 5790 1037 5834 ent
1051 5781 1141 5836 llerel-

946 427 1319 484 ntsrttTttto
1356 431 1403 484 Vl.

1907 429 1962 484 188

1203 527 1236 580 do
1256 529 1351 581 lullum
1374 529 1493 582 indicere
1510 529 1607 583 solent.
1623 525 1763 598 Clerigetio
1780 543 1882 598 gnnqoe
1893 545 1940 597 pro
1951 527 2017 584 tattt

1199 613 1343 667 indictione
1360 613 1482 684 usurpari
1501 615 1598 675 suerin
1617 613 1725 683 proprie
1747 621 1834 666 antem
1865 629 1952 666 rernm
1970 629 2014 667 re-

1198 689 1270 767 p'rtio
1300 695 1369 749 dieta
1400 706 1454 760 est,
1484 705 1513 749 nt
1543 694 1611 767 apud
1643 695 1699 749 Lis.
1730 697 1756 748 8.
1780 713 1804 748 r.
1830 695 1874 746 tt.
1900 707 1924 750 ιι·
1956 701 2017 762 eins

1198 780 1244 849 qul
1264 791 1335 832 treus
1354 778 1478 850 Tyberim
1496 791 1562 832 earet
1579 779 1771 850 deprehensns,
1791 795 1872 848 nsqne
1884 777 1915 830 ad
1942 779 2017 833 mille

1182 862 1287 934 'pondo
1304 863 1443 934 clarigatio
1464 875 1538 915 esset.
1557 863 1645 917 llodie
1664 861 1833 932 repressrliee
1857 859 1910 912 diei
1938 878 2016 932 posse

1199 957 1271 1016 pntat
1284 949 1464 1016 clarigatioues
1484 947 1556 1000 Gett.
1576 948 1609 1000 de
1626 957 1722 1000 arrert.
1740 945 1799 998 ode.
1818 943 1835 995 2
1862 963 1889 997 rr.
1908 945 1933 997 8.
1955 945 2014 998 Dif-

1200 1027 1341 1084 fidationes
1359 1043 1382 1085 et
1401 1031 1615 1085 renunciationes
1632 1029 1722 1082 omnir
1739 1029 1879 1094 antelatae,
1894 1025 2014 1098 irrqnen·

1200 1128 1238 1171 ter
1256 1119 1335 1170 etiam
1354 1135 1368 1169 a
1389 1116 1498 1186 prisatls
1515 1116 1581 1168 olim
1601 1121 1758 1183 usurpatae,
1776 1129 1845 1166 nune
1863 1122 1923 1182 post
1941 1115 2016 1184 perir

1200 1200 1320 1271 publicae
1338 1201 1552 1254 eonstitotionem
1571 1196 1691 1252 ebottue

1237 1291 1258 1346 ς.
1277 1285 1322 1336 tn.
1338 1283 1417 1336 Extra
1435 1283 1505 1337 lrano
1525 1284 1613 1351 itaque
1631 1277 1860 1335 denunciationem
1875 1278 2018 1350 praedones

1199 1367 1323 1420 censendi
1343 1378 1401 1419 sont
1419 1365 1513 1418 ¹araneti
1533 1381 1643 1419 ornnes:
1663 1365 1690 1419 ni
1709 1383 1766 1420 rese
1778 1362 1926 1431 defendant,
1938 1367 2017 1421 adeo·

1202 1467 1250 1518 que
1270 1448 1303 1500 eb
1320 1449 1362 1499 bis
1380 1447 1450 1506 eapti
1468 1447 1547 1500 liberi
1567 1457 1726 1516 permanent
1744 1445 1762 1498 t.
1783 1445 1826 1498 18.
1844 1441 1867 1515 5.
1886 1445 1961 1515 ²·ff·
1980 1446 2014 1500 de

1201 1532 1296 1601 ceptio.
1315 1531 1472 1595 etpostliur.
1491 1544 1595 1583 revers.
1621 1527 1652 1583 Et
1669 1545 1761 1600 paoem
1794 1529 1944 1598 petentibus
1976 1547 2018 1584 re·

1203 1614 1393 1683 spondendum.
1412 1611 1638 1684 Quemadmodum
1656 1613 1721 1665 olim
1742 1611 1889 1666 Alexander
1908 1630 2018 1684 megene

1203 1697 1286 1751 Dario
1306 1698 1426 1750 nuntiari
1446 1697 1540 1764 jussit:
1558 1695 1627 1767 quod
1646 1698 1669 1750 ri
1688 1695 1779 1750 saltent
1799 1712 1888 1764 parem
1906 1695 1973 1748 Ιιοιιι
1987 1693 2018 1748 fl-

1202 1778 1235 1833 de
1252 1790 1367 1851 peteres,
1386 1779 1558 1832 deliberarem
1579 1777 1691 1832 lorsiten
1711 1794 1744 1831 an
1764 1777 1868 1830 daroma
1881 1777 1925 1830 sed
1947 1795 2017 1832 nnnr

1202 1864 1234 1916 ad
1247 1864 1457 1917 internecionem
1473 1860 1539 1916 mibi
1555 1881 1605 1916 non
1619 1871 1649 1915 ut
1660 1864 1741 1931 justus
1758 1862 1844 1918 hostis
1856 1879 2018 1933 persequen-

1203 1947 1250 2000 dos
1264 1964 1307 2012 es,
1320 1947 1392 1999 curt.
1411 1946 1456 1999 tit.
1478 1945 1503 1997 l.
1521 1963 1543 1999 e.
1558 1949 1603 1998 11.

1238 2035 1257 2090 ς.
1278 2029 1321 2081 81.
1339 2031 1416 2084 lueto
1432 2035 1461 2082 et
1480 2027 1596 2097 legitimo
1614 2025 1684 2080 boeti
1704 2025 1827 2081 adrerrus
1839 2045 1916 2098 quens
1935 2038 1961 2081 et
1979 2039 2021 2082 to·

1204 2117 1258 2164 torn
1276 2114 1319 2178 jus
1338 2110 1450 2172 feciale,
1480 2118 1509 2163 et
1539 2111 1698 2170 multarunt
1727 2115 1783 2178 lura
1801 2111 1973 2178 eommunia,
1991 2124 2022 2166 ert

1202 2194 1281 2248 bellet
1301 2192 1357 2246 cte.
1378 2197 1402 2248 8.
1421 2191 1499 2267 offic.
1518 2195 1651 2264 portiones
1676 2195 1783 2248 tettteae
1812 2206 1839 2249 et
1869 2195 1933 2252 fite·
1958 2199 2020 2252 elata

1203 2278 1343 2344 seruandae
1358 2288 1388 2332 nt
1408 2277 1513 2332 attilius
1531 2277 1645 2349 llegulue
1663 2294 1710 2332 sno
1740 2279 1862 2348 exemplo
1885 2288 1912 2332 et
1929 2281 2021 2352 exqui-

1204 2362 1263 2416 sitis
1281 2361 1422 2431 suppliciis
1436 2363 1522 2416 doeoit
1534 2401 1543 2429 ,
1557 2362 1667 2433 Eutrop.
1680 2363 1700 2413 1.
1718 2362 1744 2414 8.
1759 2364 1792 2416 dt
1804 2379 1863 2415 essm
1879 2365 2022 2431 praedoni·

1203 2445 1252 2498 bus
1269 2447 1339 2499 nulle
1361 2446 1447 2515 pretio
1465 2447 1536 2499 telis.
1555 2445 1643 2501 Pirele
1663 2463 1716 2500 nnn
1735 2456 1774 2500 est
1793 2463 1826 2498 ex
1845 2447 2020 2517 perduellium

1205 2547 1312 2584 nomem
1333 2529 1473 2586 definitose
1493 2549 1552 2584 erem
1572 2532 1622 2584 lton
1640 2549 1687 2586 neo
1704 2529 1773 2586 fides
1790 2549 1847 2586 erse
1859 2532 1951 2600 debet,
1970 2553 2020 2589 nen

1201 2615 1381 2685 iusiurandum
1401 2631 1539 2668 commune
1557 2616 1595 2668 sit
1614 2615 1671 2670 eto.
1689 2616 1802 2680 nir'enbr',
1820 2618 1945 2687 qaroniatn
1959 2631 2022 2674 tunt

1203 2717 1354 2754 eommnnes
1372 2702 1490 2754 omnium
1511 2701 1597 2754 hostes
1616 2699 1669 2753 Cin
1689 2701 1722 2756 de
1748 2700 1823 2771 offic.
1847 2702 1876 2755 d.
1901 2703 1920 2756 1.
1951 2705 2018 2758 Cum

1203 2786 1298 2856 quibus
1316 2787 1386 2839 nolle
1405 2785 1471 2854 loris
1488 2785 1638 2838 eommunio
1655 2785 1674 2838 t.
1697 2787 1724 2837 8.
1726 2784 1767 2855 ff
1783 2786 1816 2839 de
1821 2787 1891 2859 just.
1916 2798 1943 2841 et
1959 2790 2019 2864 jur.

1203 2881 1295 2941 utpote
1313 2870 1457 2923 naturalem
1477 2869 1659 2941 cognationem
1683 2869 1826 2924 laorninom
1853 2871 2022 2948 perfringen-

1202 2955 1290 3020 eibos3
1309 2955 1397 3022 quales
1414 2953 1502 3023 quiris
1520 2954 1628 3022 impune
1648 2953 1769 3007 oeeidere
1787 2965 1882 3023 potest.
1902 2956 1920 3008 l.
1937 2951 1972 3009 Ι1.
1993 2971 2023 3014 ae

1204 3037 1230 3090 8.
1248 3051 1273 3089 ο.
1292 3034 1404 3106 qnando
1423 3035 1440 3087 i.
1459 3052 1484 3089 n.
1503 3034 1646 3104 nne'rnr'poe
1662 3043 1710 3100 ete,
1729 3035 1815 3086 dlulto
1829 3037 1916 3088 miuus
1930 3039 2021 3110 itaque

1201 3119 1299 3186 obligat
1317 3115 1384 3170 fides
1404 3117 1481 3182 data,
1498 3135 1565 3187 qeeae
1583 3135 1632 3188 per
1649 3119 1733 3171 serlus
1757 3127 1846 3173 exorta
1865 3130 1919 3174 erat
1938 3121 2018 3177 Baete.

1201 3201 1233 3253 ad
1252 3201 1353 3254 Treutl.
1372 3201 1423 3254 rol.
1451 3203 1479 3252 1.
1502 3199 1570 3269 disp.
1594 3202 1619 3253 8.
1633 3202 1699 3256 tder.
1719 3201 1746 3254 ’1.
1765 3202 1803 3255 tn.
1825 3222 1852 3257 rr.
1878 3203 2019 3262 Dissentit.

1201 3285 1278 3339 Grot·
1291 3283 1388 3356 dejnr.
1402 3284 1426 3336 b.
1440 3285 1535 3355 etp-1.
1555 3287 1581 3336 8.
1606 3302 1630 3338 ι.
1648 3285 1692 3337 18.
1710 3293 1732 3349 ς.
1758 3285 1785 3338 8.
1809 3287 1835 3338 8.
1853 3296 1880 3340 et
1903 3288 1928 3340 d.
1946 3291 2017 3360 qnod

1201 3370 1276 3424 multi
1294 3366 1376 3422 fi-tem
1396 3369 1573 3438 praedonibus
1591 3369 1675 3423 datam
1695 3373 1839 3436 serrarinta
1859 3371 1904 3424 eed
1924 3391 1967 3429 eos
1985 3377 2020 3430 do

1197 3456 1256 3522 iure
1275 3470 1320 3507 roo
1334 3452 1470 3507 remisisse
1488 3453 1547 3506 dieo
1567 3453 1603 3505 ll.
1622 3452 1699 3521 Quod
1726 3451 1841 3506 ineundo
1859 3461 2016 3513 consentio-

1200 3557 1259 3593 nem
1279 3555 1338 3593 enm
1357 3537 1465 3608 piratis,
1485 3536 1604 3590 rideatur
1623 3537 1697 3590 taetre
1721 3553 1802 3606 poena
1828 3540 1947 3592 remisse.
1968 3543 2022 3595 Ve-

1198 3641 1258 3680 rum
1284 3639 1343 3677 non
1363 3620 1481 3688 sidetem
1502 3620 1628 3691 quonism
1657 3621 1767 3676 interest
1786 3621 1860 3690 lleip.
1874 3639 1908 3677 ue
1925 3623 2021 3680 detteee

1199 3717 1320 3762 mereant
1338 3707 1486 3778 impunita,
1505 3705 1523 3757 Ι.
1541 3704 1586 3757 tt.
1604 3713 1627 3768 t.
1646 3703 1716 3772 1.]
1734 3706 1798 3758 edt.
1811 3707 1895 3776 npne'l.
1910 3725 1958 3762 nee
1970 3727 2018 3764 ean.

1198 3803 1281 3856 reret,
1299 3793 1321 3845 ai
1341 3791 1404 3846 talis
1422 3789 1561 3846 nonrentlo
1578 3788 1725 3852 iuramento
1743 3787 1903 3856 firmaretur,
1916 3801 1969 3846 tem
1984 3795 2018 3851 de

1198 3875 1271 3928 cirili
1290 3877 1347 3944 jure
1366 3874 1420 3929 ott.
1439 3874 1463 3926 ll.
1482 3891 1505 3928 er.
1524 3874 1557 3928 de
1573 3872 1956 3932 tteetutruateuonnom.
1971 3899 2016 3948 pe-

1197 3975 1260 4012 rreu.
1277 3975 1352 4027 qnam
1370 3960 1426 4025 jure
1443 3973 1531 4010 ernon
1553 3973 1612 4009 earm
1631 3973 1679 4008 neo
1696 3955 1747 4008 hoo
1765 3958 1792 4010 in
1819 3959 2012 4018 detrimentem

1197 4040 1271 4092 tertii
1290 4057 1324 4094 re.
1343 4039 1468 4091 utilitatis
1486 4037 1621 4109 publioae,
1641 4050 1725 4092 sotum
1745 4037 1845 4094 firmet.
1871 4061 1894 4097 e.
1920 4047 1966 4100 88.
1984 4066 2015 4101 er.

1197 4123 1230 4175 de
1256 4121 1370 4195 p'nrejor.
1391 4120 1467 4172 tttmt
1487 4129 1542 4182 ert,
1569 4123 1591 4173 si
1611 4121 1770 4189 simpliolter
1799 4125 1900 4192 allent,
1927 4145 1953 4181 r.
1978 4145 2018 4198 gr.

1199 4205 1325 4272 bennito,
1343 4204 1489 4277 impunitae
1505 4204 1555 4258 aab
1573 4219 1642 4260 eerta
1659 4205 1688 4260 1..
1706 4209 1878 4279 promittatur
1908 4230 1923 4266 ι
1941 4215 2016 4284 prin-

1198 4305 1266 4360 rape.

1235 4379 1256 4434 1.
1276 4371 1318 4425 tt.
1336 4372 1374 4426 ΠΙ
1400 4371 1501 4428 seilicet
1519 4383 1598 4437 erent,
1624 4373 1669 4445 qni
1696 4373 1864 4444 panieeontor
1889 4375 2013 4433 insinere.

1196 4456 1382 4509 Verumtamen
1396 4469 1535 4524 expressee
1552 4454 1600 4510 hae
1618 4457 1754 4526 parationes
1770 4473 1822 4508 non
1843 4475 1947 4529 semper
1977 4477 2016 4515 re

1197 4537 1345 4606 periuntnr.
1359 4533 1426 4590 Nem
1447 4538 1491 4590 nbi
1509 4537 1625 4593 absoluta
1642 4549 1667 4591 et
1686 4542 1761 4608 plena
1786 4540 1889 4594 atoroate
1915 4542 2012 4596 bellum

1195 4616 1308 4688 finitur,
1327 4621 1449 4674 nonnihil
1468 4623 1551 4677 veriat
1572 4623 1642 4692 penis
1668 4623 1739 4676 ratio.
1760 4625 1823 4677 Viut
1843 4642 1886 4679 res
1909 4627 1954 4679 obt
1973 4646 2013 4682 ιο-

1195 4699 1336 4756 litndinem
1356 4701 1476 4768 iaoinnt,
1494 4720 1585 4772 parem
1605 4706 1736 4774 eppellaut
1763 4707 1844 4760 reete.
1870 4709 1956 4778 ngra'r.
1986 4728 2009 4762 e.

1196 4785 1241 4835 88.
1255 4783 1382 4854 Equidem
1398 4786 1533 4854 prinoipio
1546 4803 1632 4840 rernm
1648 4790 1761 4856 gentium
1778 4789 1964 4860 nationumque
1981 4790 2013 4845 8-

1197 4867 1290 4920 uitima
1312 4867 1380 4920 bella
1398 4872 1522 4937 gerebant
1542 4871 1648 4939 populi,
1668 4887 1714 4925 nen
1733 4873 1876 4940 imperinm
1893 4874 2012 4939 attint

1193 4947 1298 5016 populis
1318 4951 1426 5014 gloriam
1444 4951 1624 5020 quaerebant,
1642 4955 1811 5024 eontentique
1829 4955 1946 5020 victoria,
1963 4958 2011 5009 lm-

1193 5031 1267 5100 perio
1285 5031 1468 5092 abstinebant,
1486 5035 1557 5086 Just.
1575 5034 1592 5085 b
1612 5037 1637 5086 1.
1655 5053 1677 5088 o.
1697 5039 1721 5088 1.
1739 5036 1774 5088 tte
1804 5038 1918 5106 Seytlaae
1942 5041 2011 5092 nibil

1194 5131 1284 5182 parere
1300 5115 1368 5185 quod
1385 5119 1508 5170 amittere
1527 5120 1651 5182 timeant,
1671 5121 1739 5172 nibil
1765 5122 1876 5174 rietoree
1902 5135 2008 5193 praeter

1193 5200 1301 5265 gloriam
1321 5199 1508 5270 oooeopieeont
1526 5201 1596 5254 idem
1615 5203 1632 5255 l.
1653 5207 1677 5254 1.
1695 5220 1718 5255 e.
1737 5205 1762 5256 8.
1780 5204 1814 5257 dt
1835 5209 1949 5274 aprisea
1964 5209 2010 5263 luae

1194 5281 1346 5334 innoeeutin
1365 5299 1425 5334 moa
1444 5299 1573 5336 renessnm
1592 5293 1648 5346 este
1662 5285 1700 5336 sie
1712 5303 1771 5337 eum
1785 5283 1936 5351 Celtiberis,
1948 5307 2006 5343 eum

1192 5362 1310 5416 Cimbris
1327 5367 1424 5418 bellum
1444 5377 1472 5420 nt
1489 5383 1548 5420 enm
1564 5369 1684 5420 inimicis
1702 5371 1847 5436 gerebatur,
1861 5387 1917 5423 nter
1929 5385 2007 5438 esset,

1192 5463 1244 5499 non
1258 5459 1315 5499 oter
1327 5449 1486 5519 imperaret,
1505 5453 1542 5504 ait
1561 5451 1614 5505 Ce'e·
1633 5451 1651 5502 i.
1663 5455 1687 5503 1.
1701 5449 1777 5522 qsfie.
1791 5452 1828 5504 Ae
1847 5455 1936 5521 perite
1956 5457 2007 5524 ipsi

1192 5547 1271 5598 qnam
1293 5546 1344 5582 non
1364 5533 1473 5600 perdere
1493 5533 1579 5586 hostes
1597 5544 1748 5603 praeoptent
1767 5537 1835 5588 lost.
1848 5535 1867 5586 1.
1879 5535 1906 5586 8.
1924 5534 1949 5588 l.
1964 5537 1990 5588 8.

1227 5612 1251 5676 §.
1270 5614 1313 5666 88.
1331 5613 1411 5684 Leges
1430 5632 1443 5665 e
1461 5617 1610 5668 rintoribns
1628 5619 1773 5682 elicuutur,
1800 5618 1967 5687 arripiuntur
1992 5637 2006 5670 a

1191 5699 1267 5755 ateste
1284 5698 1358 5752 curt.
1377 5701 1395 5752 l.
1410 5701 1434 5751 d.
1445 5717 1467 5753 r.
1481 5701 1506 5753 ll.
1521 5701 1576 5754 tu.
1587 5703 1605 5754 t.
1619 5705 1661 5755 80.
1680 5720 1704 5755 o.
1724 5703 1769 5754 80.
1789 5704 1933 5770 Propterea
1955 5722 2006 5756 me·

1192 5801 1243 5855 gno
1261 5781 1358 5855 spiritu
1375 5784 1530 5856 quandoque
1546 5785 1669 5842 ostentari
1694 5788 1760 5840 solet
1784 5785 1912 5853 rictoria,
1943 5805 2006 5842 enne
