4374 6216
369 287 406 338 99
922 277 1115 334 osseum.
1133 278 1168 335 11.
1188 280 1304 338 CAPUT
1321 282 1385 338 vsl.
1892 286 1947 337 1⁰⁰

316 400 343 435 c.
357 381 389 434 sle
407 395 513 434 onnon.
533 375 560 429 id
579 375 694 446 speciale
711 373 814 428 ridetur
823 413 832 441 ,
852 374 887 427 ob
904 361 1072 428 commodum
1091 394 1136 445 po·
1185 379 1308 432 soleeodo
1334 396 1387 432 noo
1411 376 1542 443 existere,
1566 383 1594 430 el
1618 383 1708 431 terbeo
1733 374 1915 432 misericordis
1946 378 2001 432 sole

316 467 430 530 blicam,
441 463 510 534 qnod
531 463 631 532 integro
650 464 743 516 solorio
761 478 794 516 ex
808 478 915 516 maome
928 472 1037 531 propter
1055 461 1133 516 telem
1185 472 1270 516 motos
1287 463 1313 514 ei
1334 464 1472 532 pecooiem
1492 463 1570 515 istem
1590 460 1760 524 credidisset,
1779 477 1831 514 noo
1849 459 1883 512 aa
1901 471 2001 514 sortem

243 559 296 609 110
314 547 499 620 negligentiam
519 549 640 618 privetur.
666 547 712 600 an.
730 545 929 599 Braooesosuu·
947 544 986 600 od
1002 543 1027 597 sl.
1046 547 1063 595 l·
1083 545 1134 598 Eo·
1186 554 1302 610 tentam,
1322 548 1366 598 sed
1386 555 1412 598 el
1429 546 1462 600 ed
1480 562 1572 599 osores
1593 555 1734 600 teneretur.
1751 546 1770 598 l.
1797 548 1823 597 7.
1839 562 1882 614 pr.
1894 542 1938 613 ff·
1953 542 2002 597 de·

315 631 378 686 dero
398 631 475 684 morlo
494 630 653 701 reipublicae
667 629 976 683 sdminlslretorsortem
993 629 1134 683 restituere
1181 628 1273 699 positi.
1297 629 1371 682 verb.
1395 628 1457 682 dolo
1482 625 1697 700 praeimmff.
1723 626 1849 696 depositi.
1876 630 1893 682 l.
1914 625 2000 700 175.

314 727 434 782 tenetur,
451 715 498 786 qui
518 713 717 768 misericordiae
734 731 810 766 cause
829 712 853 766 ei
871 713 1001 779 credidit,
1020 713 1065 782 qai
1085 713 1135 765 sal·
1182 711 1283 780 penult.
1293 709 1334 780 ff.
1352 710 1386 765 de
1404 714 1499 768 usurri.
1518 713 1586 765 lllael
1605 721 1677 765 estes
1697 713 1903 766 controeersisnt
1921 729 1997 778 reor,
2017 699 2074 754 ¹¹³

319 799 402 852 eenslo
422 809 511 871 postes
530 816 581 852 oon
601 798 692 851 existit
709 815 735 867 p.
754 797 771 848 l.
792 816 838 852 un.
857 813 878 851 c.
896 798 931 850 de
953 797 1009 862 bis,
1029 796 1078 868 qui
1093 815 1130 852 ee
1183 797 1206 846 si
1227 796 1297 848 nolle
1315 797 1391 864 culpe
1409 795 1638 850 administratoris
1655 795 1732 862 haiae
1750 796 1917 860 secessisset,
1929 795 2001 850 etoi-

243 883 296 936 111
315 881 424 956 officio,
440 886 514 955 quod
531 884 668 937 adrne'niss.
687 882 709 934 Α
727 882 801 952 colpe
820 879 892 934 enim
911 899 964 934 non
982 881 1072 948 abest,
1089 883 1137 951 qai
1185 877 1240 932 licii
1262 879 1364 933 eetione
1382 879 1406 932 ei
1425 879 1654 948 eressdsseeuqat
1669 887 1787 948 tempore
1799 879 1883 932 mutui
1901 879 2001 947 accepti

318 968 454 1024 effectibus
472 967 609 1036 indulget,
627 976 654 1019 et
673 966 700 1018 id
719 965 790 1030 iacit,
808 964 877 1033 qaod
895 965 996 1019 cautior
1013 967 1135 1022 omittere
1184 962 1308 1019 soleendo
1327 963 1395 1030 soit,
1413 965 1475 1018 licet
1494 981 1555 1018 csso
1573 975 1662 1036 poetes
1681 963 1806 1020 solvendo
1823 981 1879 1018 esee
1899 966 2002 1018 desios·

320 1053 470 1118 debuissem
492 1049 535 1104 sed
563 1058 617 1101 sam
643 1049 675 1102 ι1
695 1059 792 1102 sortem
817 1051 902 1104 solam
924 1059 1044 1115 teoetor,
1062 1052 1133 1120 quad
1185 1056 1300 1111 ret,nec
1318 1045 1346 1098 io
1365 1057 1544 1122 sortem,‚oeo
1561 1049 1590 1100 io
1610 1061 1701 1100 osane
1717 1065 1777 1100 cosa
1789 1046 1910 1115 obligari.
1921 1047 1939 1098 1.
1947 1045 2002 1116 fin.

317 1137 367 1190 leei
396 1138 468 1205 culpe
494 1132 621 1206 peccarit,
646 1132 665 1185 i.
687 1149 710 1184 e.
737 1133 909 1202 probabiliter
934 1134 1051 1201 putarit,
1075 1151 1135 1185 eam
1184 1131 1337 1184 c.d.debit.
1354 1129 1425 1184 eicit·
1443 1131 1509 1186 Caro
1530 1130 1640 1185 materie
1659 1131 2002 1199 prseterepesosnlsmeou

245 1224 301 1280 112
319 1221 376 1279 iare
394 1220 484 1274 debito
503 1229 620 1290 tempore
633 1216 771 1284 solvenda,
784 1217 808 1271 ιί
825 1227 913 1272 eutem
926 1216 1060 1283 scieisset,
1074 1233 1134 1272 ea·
1184 1213 1311 1279 creverit,
1331 1213 1375 1266 hio
1392 1212 1521 1282 subsisto,
1540 1226 1567 1271 et
1583 1215 1616 1270 ed
1634 1230 1745 1286 sequens
1763 1223 1842 1286 oepot
1859 1231 1948 1285 perga.

970 1366 1219 1438 CAPUT
1266 1369 1349 1440 Vll.

495 1545 551 1610 De
574 1542 816 1610 misericordia
837 1541 1074 1636 intempestiva
1099 1541 1136 1608 in
1159 1538 1316 1613 ciuilibus
1339 1547 1466 1615 intuitu
1481 1545 1618 1638 judicis
1640 1543 1831 1635 irfferioris.

558 1727 580 1776 S
601 1723 629 1776 U
643 1721 678 1774 11
692 1721 729 1771 ll!
743 1720 772 1772 A
791 1720 854 1772 111
870 1720 918 1774 A·
1187 1721 1262 1774 Pars
1278 1721 1412 1793 supplicat
1428 1722 1562 1795 principi,
1593 1721 1640 1776 sed
1659 1719 1697 1776 ibi
1719 1719 1803 1775 etism
1820 1718 1954 1774 sententia
1972 1719 2008 1772 ab
2107 1700 2112 1713 Ι

1223 1804 1409 1860 auctoritatem
1431 1806 1472 1861 rei
1484 1805 1630 1877 judicatae
1653 1803 1850 1876 confirmatur,
1869 1815 2008 1872 regressus

324 1887 510 1944 connectionis
520 1888 601 1942 ratio.
615 1904 641 1938 n.
657 1888 682 1940 1.
1223 1894 1316 1941 tomen
1329 1899 1428 1942 contra
1434 1888 1554 1960 judicem
1566 1889 1732 1944 conceditur.
1747 1906 1775 1941 ιι.
1787 1886 1832 1938 17.

321 1973 466 2042 Differnnt
479 1974 651 2044 magistratus
663 1983 688 2028 ct
697 1973 796 2040 iudicis
807 1991 925 2028 munere.
940 1991 968 2027 ιι.
981 1973 1006 2026 1.
1188 1968 1283 2022 hedera
1296 1973 1443 2028 renalium
1457 1974 1544 2027 teneri
1556 1971 1694 2028 asserebat.
1706 1990 1736 2024 ιι.
1748 1971 1795 2022 28.
1825 2012 1829 2020 .

322 2060 397 2112 Num
412 2055 592 2128 intempestiue
603 2055 789 2112 misericordes
799 2057 863 2120 rint,
877 2060 963 2127 quire
973 2071 1139 2112 ceren-esea·
1187 2051 1228 2104 Et
1239 2056 1404 2127 exceptionis
1413 2056 1534 2111 rationes
1548 2057 1703 2113 adducebat.
1714 2073 1743 2109 ιι.
1755 2053 1800 2107 2⁰.

359 2141 419 2196 lunt
431 2160 512 2211 quom
525 2141 646 2210 litigare,
660 2151 686 2194 et
697 2138 876 2214 indejuds'cs'a
887 2143 981 2212 quovis
993 2141 1075 2196 mado
1089 2140 1139 2194 da·
1187 2137 1343 2204 Replisabat
1356 2149 1439 2192 actor.
1453 2158 1480 2192 n.
1495 2141 1537 2194 30.

357 2226 474 2278 mnent?
487 2244 515 2280 ιι.
525 2227 550 2280 3.
1189 2219 1538 2294 Condemnobaturjudeae.
1552 2239 1579 2275 ιι.
1593 2222 1638 2274 31.

321 2309 513 2366 Patrocinium
528 2309 624 2362 labere
636 2308 765 2364 videntur
776 2307 805 2362 io
822 2311 842 2362 t
861 2308 885 2362 1.
903 2316 926 2372 ς.
945 2310 971 2362 1.
987 2305 1016 2360 ii.
1034 2305 1141 2362 deelie·
1186 2305 1365 2359 Prosccobat
1376 2305 1482 2374 quidem
1501 2305 1746 2374 ssodprincipesn,
1760 2301 1810 2360 red
1824 2305 1954 2358 sententia
1967 2301 2010 2356 ni·

359 2405 410 2448 oet.
423 2394 480 2462 jad.
493 2392 610 2446 mutand.
621 2409 705 2446 censs.
720 2411 747 2443 n.
759 2390 784 2444 1.
1064 2381 1068 2390 ’
1222 2389 1371 2443 lrilominus
1383 2389 1605 2460 confirmabatur.
1619 2407 1647 2442 ιι.
1659 2389 1704 2442 31.

324 2479 515 2546 Respondelur
528 2489 566 2528 to.
578 2474 617 2528 ad
625 2475 802 2548 objectionem
815 2493 852 2530 ea
862 2473 890 2528 d.
902 2475 919 2528 1.
934 2494 961 2530 ιι.
974 2475 1001 2528 b.
1190 2473 1399 2545 Disceptabotur
1410 2493 1448 2527 on
1455 2474 1550 2543 juste?
1562 2494 1590 2529 ιι.
1603 2475 1646 2528 13.

324 2560 393 2614 Alia
408 2557 522 2631 objectio
534 2576 570 2610 ee
583 2559 710 2622 spanaio
724 2561 748 2608 1.
763 2559 823 2612 Cor.
837 2559 862 2612 ⁰.
874 2575 898 2610 a.
910 2557 935 2611 7.
950 2577 978 2610 ιι.
990 2558 1018 2610 ⁰.
1188 2557 1321 2612 Rationes
1329 2573 1380 2628 pro
1392 2555 1533 2612 sententia.
1546 2577 1573 2611 ιι.
1587 2556 1630 2610 31.

321 2643 470 2712 Adducunt
482 2639 667 2694 dissentientes
679 2640 835 2696 testimonia
846 2651 967 2710 potrum.
975 2660 1002 2696 ιι.
1016 2643 1066 2696 7.»
1195 2641 1386 2710 despondetur
1415 2637 1591 2705 rosionibus,
1619 2637 1714 2710 quibus
1734 2638 1827 2714 judea
1861 2635 2007 2693 oriebatur.

322 2727 509 2792 despondetur
519 2724 614 2778 dubiis.
628 2743 656 2777 ιι.
668 2725 694 2776 8.
881 2743 883 2748 ’
1225 2743 1253 2776 rs.
1268 2725 1313 2776 ab.

324 2807 458 2862 Rationes
470 2825 521 2874 pro
535 2808 586 2860 issa
597 2807 740 2862 sententia·
753 2825 779 2860 ιι.
792 2809 817 2860 ⁰.
1195 2807 1340 2874 Quomodo
1359 2807 1483 2880 aequitas
1501 2807 1529 2862 in
1541 2807 1560 2860 1.
1572 2807 1598 2860 8.
1610 2823 1634 2861 c.
1648 2805 1681 2860 de
1700 2804 1809 2875 judiciis
1825 2802 2012 2874 intelligatur?

322 2889 372 2942 Ea
385 2903 506 2942 caesareo
512 2889 577 2960 jure
591 2889 735 2942 adducitur
744 2891 935 2946 testimonium.
947 2911 975 2944 n.
990 2893 1034 2944 10.
1228 2910 1255 2945 ιι.
1270 2894 1313 2945 36.

271 3027 276 3034 ,
329 2970 487 3024 Occurritur
498 2969 682 3040 dubio,qaod
686 2971 808 3042 judicem
821 2973 932 3043 intemp.
944 2970 1142 3026 misericordiae
1191 2974 1222 3028 Si
1225 2975 1317 3047 judee
1331 2975 1546 3030 misericordiam
1564 2989 1691 3031 essersene
1704 2974 1892 3041 saloissel,de
1905 2991 1954 3032 seso
1962 2975 2011 3031 de·

362 3053 586 3124 reumfaciamus
601 3070 678 3117 ,cum
694 3053 750 3108 viri
761 3055 827 3110 boni
843 3056 939 3128 sufficio
947 3053 1068 3126 fungens
1086 3073 1142 3109 non
1230 3058 1329 3114 buisset
1340 3075 1395 3114 esse
1408 3060 1537 3116 liberalis.
1548 3078 1575 3114 n.
1591 3062 1634 3112 37.

358 3137 444 3204 possis
456 3154 513 3190 non
528 3135 731 3193 misericordias
740 3155 797 3194 esse
810 3143 922 3196 dealitas.
934 3158 962 3192 ιι.
974 3141 1019 3191 11.
1193 3143 1277 3214 erga
1289 3145 1395 3213 quando
1409 3143 1555 3216 aequitatis
1567 3145 1701 3197 rationem
1713 3141 1866 3198 lsabendans
1886 3153 2010 3208 monent,

324 3221 379 3273 Sed
388 3236 467 3290 saepe
479 3220 514 3274 ol
528 3221 745 3278 misericordiam
758 3221 1016 3297 unesurjaseemo·
1024 3220 1146 3292 natan
1230 3243 1287 3281 non
1307 3227 1465 3299 simpliciter
1484 3227 1540 3300 ejus
1558 3226 1694 3281 rationem
1701 3225 1833 3294 sariunt,
1844 3224 1894 3280 sed
1908 3243 2014 3298 semper

364 3306 406 3358 cel
416 3307 517 3361 odium.
530 3326 557 3358 n.
573 3307 615 3357 11.
1218 3307 1287 3376 sere
1300 3311 1378 3364 s'stius
1389 3325 1501 3376 causae,
1516 3309 1544 3364 in
1555 3327 1608 3379 qua
1619 3321 1769 3364 serrantur.
1782 3328 1810 3364 ιι.
1824 3311 1867 3363 38.

328 3387 438 3440 Asserti
448 3388 574 3442 rationes.
588 3407 617 3440 n.
631 3389 675 3443 13.
1196 3391 1353 3452 Addoeitar
1362 3394 1543 3448 testimonium
1553 3413 1591 3448 ea
1602 3410 1695 3448 recess.
1709 3391 1821 3456 imperii.
1832 3411 1860 3444 ιι.
1874 3395 1918 3446 311.

323 3467 428 3538 Differt
439 3470 545 3538 quidem
557 3471 681 3541 officiunt
696 3474 755 3528 Jcti
771 3485 798 3529 et
811 3475 909 3545 iudicis
925 3475 1008 3546 jueta
1020 3477 1151 3532 donares.
1195 3477 1260 3530 Non
1279 3479 1403 3534 subleuat
1418 3477 1552 3548 iudicem,
1571 3477 1625 3532 siae
1650 3475 1833 3547 appellaverit
1853 3492 1937 3547 pars,
1954 3479 2015 3532 sisse

362 3572 389 3606 n·
410 3553 452 3604 11·
1233 3577 1297 3615 ιιοιι.
1313 3581 1339 3615 ιι.
1354 3563 1398 3614 10.

328 3636 383 3692 sert
406 3648 498 3692 tamen
522 3638 553 3690 in
577 3657 650 3695 mero
660 3639 747 3712 ficto
765 3660 820 3697 non
839 3655 982 3712 occupatus
1002 3645 1146 3717 estjudea.
1195 3644 1229 3698 Id
1239 3647 1311 3697 enim
1323 3645 1399 3716 parti
1406 3643 1530 3711 prodest,
1544 3646 1590 3700 cui
1604 3643 1740 3698 sententia
1757 3645 2013 3715 estlota,non1‘a·

364 3741 392 3774 n·
409 3721 451 3772 ¹5·
1231 3728 1300 3793 dici,
1314 3727 1364 3798 qui
1374 3747 1409 3782 ess
1421 3726 1557 3797 saosacto
1572 3739 1688 3784 tenetur.
1702 3746 1729 3780 n.
1742 3727 1786 3782 11.

327 3805 420 3866 licet,
432 3815 461 3858 ut
473 3808 525 3858 rite
537 3805 654 3874 desasto
667 3817 778 3874 statuat,
790 3809 936 3864 admodum
948 3811 1077 3866 sollicitus
1088 3828 1145 3866 esse
1197 3810 1352 3866 Adducitur
1364 3811 1549 3866 testimonium
1563 3811 1712 3881 Eiltroppii
1728 3813 1756 3863 io
1770 3829 1881 3882 process.
1896 3831 1922 3867 ιι.
1938 3812 1984 3863 12.

368 3889 468 3942 ‘lebwi-
482 3908 509 3942 n.
525 3891 568 3944 1⁰.
1198 3899 1253 3952 Nec
1266 3896 1405 3960 subleuat,
1417 3895 1490 3964 quod
1501 3895 1581 3950 citius
1593 3893 1808 3958 misericordiae,
1820 3913 1902 3965 quam
1916 3897 2015 3964 rigoris

333 3973 471 4042 Quoniam
484 3983 576 4028 tamen
589 3972 705 4042 affectas
718 3975 844 4042 nuspiam
853 3977 1146 4046 mnqisnocent,quaes
1231 3981 1319 4049 parsit
1348 3979 1428 4034 reddi
1455 3976 1556 4043 ratior
1583 3979 1646 4032 inde
1674 3989 1764 4034 antem
1793 3997 1850 4034 nan
1880 3977 2013 4049 insenos,

369 4059 399 4109 ιἰι
411 4054 520 4130 judice,
540 4057 675 4112 lsorrendo
688 4057 849 4129 juramento
861 4057 964 4127 judices
991 4060 1145 4116 adstrinae·
1232 4064 1308 4136 quod
1324 4061 1454 4118 immanis
1469 4061 1521 4131 sit,
1543 4061 1592 4133 qui
1610 4079 1660 4130 per
1682 4059 1894 4116 mirericordiam
1917 4075 2015 4128 peccas.

367 4155 431 4198 runt
442 4141 481 4213 pii
492 4142 662 4211 legislatores.
675 4163 703 4196 n.
718 4147 759 4196 17.
1233 4167 1261 4202 ιι.
1274 4147 1319 4200 13.

340 4228 438 4284 Videre
450 4229 504 4282 tale
510 4228 701 4300 juramentum
713 4238 752 4282 est
764 4229 793 4281 in
807 4245 834 4280 n.
845 4229 870 4280 8.
885 4227 912 4280 io
924 4225 971 4280 seo.
984 4246 1012 4280 ιι.
1025 4227 1067 4281 13.
1197 4229 1348 4300 perpendis
1373 4227 1404 4282 id
1426 4232 1503 4284 Jotae
1521 4228 1550 4280 in
1568 4229 1587 4280 Ι.
1605 4229 1630 4280 7.
1654 4234 1680 4291 ς.
1703 4229 1728 4280 7.
1751 4226 1780 4280 ff.
1798 4227 1824 4280 ⁰.
1851 4227 1911 4280 dolo
1934 4229 2011 4282 mulo.

340 4320 424 4382 Quem
442 4315 493 4365 lucc
509 4329 568 4364 non
586 4321 694 4378 mouet,
712 4313 854 4366 movebunt
870 4313 947 4366 sliroe
959 4313 1148 4367 execrationes
1231 4316 1279 4370 ubi
1294 4317 1408 4369 damnat
1425 4312 1543 4383 aliquem
1560 4330 1597 4366 ea
1615 4310 1796 4366 abacorum
1812 4311 2014 4380 intempestiua.

368 4394 399 4447 ia
411 4397 519 4449 constit.
530 4397 630 4450 Leonis
643 4406 669 4448 et
684 4393 852 4449 Alexandri.
864 4413 892 4448 ιι.
908 4397 951 4446 111.
1233 4420 1261 4456 η,
1273 4400 1318 4454 tl.

335 4479 482 4532 Peculiore
494 4478 641 4533 admodum
654 4477 682 4530 id
698 4489 751 4542 est,
764 4479 836 4543 quad
852 4478 924 4530 elias
941 4477 1146 4532 constitutiones
1197 4486 1252 4540 Nea
1275 4491 1423 4538 excusatur
1444 4477 1546 4550 judaee,
1572 4478 1632 4532 lices
1656 4496 1686 4534 se
1703 4479 1770 4549 jura
1798 4497 1854 4534 nnn
1872 4479 2013 4544 calluisse,

367 4576 432 4616 suos
445 4559 681 4632 imprecationibus
693 4559 798 4614 munire
810 4577 868 4614 non
881 4561 989 4616 soleant
1001 4561 1148 4628 prinsipes·
1233 4580 1259 4622 es
1275 4566 1337 4622 inde
1352 4578 1470 4622 secutum
1488 4581 1546 4618 esse
1564 4562 1776 4619 misericordiam
1794 4573 1905 4620 asserat.
1924 4582 1951 4618 ιι.
1973 4567 2016 4616 sb.

366 4663 395 4696 ιι.
407 4645 450 4694 70.
1198 4651 1326 4721 Pingitur
1339 4652 1370 4704 in
1383 4667 1444 4706 eom
1456 4665 1513 4701 rem
1524 4663 1611 4700 casus.
1626 4665 1655 4700 ιι.
1669 4645 1713 4699 13.

341 4727 600 4799 eracpotisrimusn
626 4727 713 4791 ratio,
733 4745 782 4782 cur
791 4727 880 4798 judee
900 4725 960 4781 ideo
979 4745 1037 4780 non
1055 4726 1151 4782 debeat
1202 4728 1566 4803 Ausareoesuppositcsacti
1581 4732 1668 4796 speor'e
1683 4738 1820 4799 prouocat
1838 4729 2017 4798 adiudscem,

371 4813 508 4867 absoluere
527 4814 575 4866 uel
601 4812 795 4878 condemnare,
828 4811 901 4883 quod
933 4810 1147 4868 mirericordiam
1235 4819 1282 4892 qai
1295 4819 1367 4890 juris
1388 4817 1518 4887 religione
1535 4813 1635 4869 omisa
1654 4832 1689 4868 err
1714 4811 1856 4867 cerebrina
1881 4811 2018 4882 aequitate

367 4911 492 4950 exercere
504 4895 578 4947 vell!-
592 4895 675 4946 1111·
1233 4903 1332 4957 decidis
1344 4899 1564 4957 controversiam.
1579 4917 1598 4951 n
1623 4897 1667 4949 13.

336 4987 413 5051 Quae
427 4981 602 5048 imposterum
613 4981 735 5035 methodi
744 4979 931 5049 ratiosutura.
942 4999 971 5032 ιι.
983 4979 1025 5032 22.
1200 4983 1372 5055 proponitur
1381 4985 1408 5038 ὶιι
1422 5003 1484 5038 enm
1499 5001 1556 5036 rem
1566 4980 1636 5035 alias
1645 4997 1729 5034 ossus.
1742 5000 1768 5034 ιι.
1783 4979 1827 5036 17.

333 5066 430 5122 Ριίιιιο
453 5065 540 5134 judee
558 5065 674 5136 infirior
696 5065 724 5120 in
750 5065 875 5119 civilibus
896 5063 1021 5132 judicans
1039 5065 1150 5122 sistitur.
1201 5076 1289 5125 Actor
1298 5066 1376 5122 etiam
1388 5084 1424 5120 ee
1438 5067 1487 5120 ista
1498 5065 1640 5135 proposita
1643 5062 1721 5133 fiscti
1736 5067 1819 5132 specie
1836 5078 1970 5136 prouocat
1981 5072 2019 5125 orl

370 5169 399 5202 ιι.
413 5151 457 5204 23.
619 5184 620 5187 =
1230 5154 1365 5222 judicem,
1379 5151 1424 5221 qui
1441 5152 1509 5220 leges
1526 5166 1622 5219 susque
1640 5149 1726 5220 deque
1738 5151 1840 5205 natans
1852 5169 1908 5206 rem
1921 5173 1959 5208 erc
1971 5177 2017 5213 ae-

334 5232 384 5286 Act
400 5231 611 5287 commodiorem
630 5233 792 5286 intellectam
810 5232 1016 5286 tractandorum
1030 5231 1153 5304 fingitur
1236 5253 1289 5307 quo
1304 5233 1332 5288 in
1345 5232 1415 5290 duas
1424 5244 1514 5302 portes
1525 5231 1669 5288 dividebat.
1682 5251 1709 5284 ιι.
1723 5233 1767 5288 19.

371 5318 519 5388 casusfere
531 5317 662 5388 vulgaris.
674 5336 702 5371 ιι.
717 5317 760 5368 21.
1201 5323 1318 5375 Actores
1336 5317 1571 5386 conquerebantur
1586 5317 1619 5369 de
1637 5315 1779 5388 iniquitate
1796 5319 1962 5386 sententiae,
1973 5326 2023 5380 red

336 5401 431 5457 Jasea
442 5402 608 5469 pronunciat
621 5413 647 5456 et
658 5401 774 5455 absolsit
785 5403 980 5471 quadamtenus
986 5419 1061 5458 reum
1074 5405 1152 5456 mssa-
1236 5421 1295 5457 curn
1307 5418 1368 5454 earn
1380 5417 1430 5454 nec
1440 5410 1569 5469 possent,
1584 5417 1633 5452 nec
1644 5400 1746 5456 uellent
1761 5403 2018 5479 corrigerejudices,

370 5487 494 5540 ricordia
518 5497 624 5552 motus,
649 5504 710 5541 cuns
731 5486 840 5558 justitia
858 5487 952 5540 sanas
969 5483 1153 5542 condemnare
1234 5486 1327 5540 abibat
1339 5485 1367 5539 in
1382 5503 1439 5539 rens
1445 5483 1608 5558 judicatam.
1619 5503 1647 5538 ιι.
1660 5486 1704 5538 110.

372 5571 513 5626 debuisses.
526 5590 555 5623 n.
568 5572 612 5624 13.
1201 5577 1318 5626 Actores
1338 5569 1437 5624 adeant
1459 5568 1639 5637 serperiorem,
1665 5574 1716 5642 qni
1742 5589 1827 5629 causa
1858 5577 2022 5632 examinata

340 5657 480 5712 Sententia
492 5655 547 5712 abit
559 5657 589 5708 in
600 5674 655 5710 rem
660 5653 828 5728 judicatam.
840 5672 869 5708 n.
883 5655 927 5706 2⁰·
1241 5675 1300 5711 non
1323 5651 1456 5724 resorms
1479 5668 1523 5707 res
1541 5654 1704 5726 judicatas,
1725 5657 1840 5727 iudicem
1867 5673 1958 5718 sannen
1986 5663 2025 5718 ad
