4404 6168
226 313 281 370 sus
748 285 753 290 ’
785 301 832 356 nu
849 298 939 359 sunu
960 292 1236 353 muttussonust
1750 301 1804 364 aaa

184 411 298 485 a‘nnos
324 407 465 506 aliquot
491 401 579 506 juris
605 397 726 470 studio
751 396 1009 496 impenderim,
1034 417 1074 466 ac
1101 392 1312 494 praesertim
1340 392 1480 468 domiui
1508 398 1579 471 mei
1604 406 1762 500 parentis
1779 413 1851 510 jus.

183 538 236 602 su,
265 512 359 608 quod
388 515 425 580 iu
454 530 494 576 eo
521 526 650 600 genere
685 503 949 596 praestiterim,
983 495 1145 567 themate
1184 493 1306 592 aliquo
1339 494 1377 564 in
1413 497 1564 569 modum
1598 503 1852 602 disputationi,

182 609 332 710 publice
362 603 557 708 probatum
584 601 668 671 dare
694 597 865 686 debeam,
894 599 986 686 tale,
1020 595 1112 694 quud
1149 595 1186 666 in
1227 593 1411 693 publicum
1444 596 1640 695 aliquando
1672 623 1852 682 ,magum

188 711 280 783 milri
308 712 492 807 prodesse,
521 719 556 773 et
582 699 692 772 simul
721 699 906 771 doctrinae
934 701 1142 768 testimonio
1168 719 1242 764 esse
1276 701 1404 792 possit,
1436 699 1547 792 elegi.
1584 701 1625 770 ln
1659 707 1732 802 ipsa
1769 734 1852 782 vero

188 813 415 897 tractatione,
440 827 551 902 quam
580 804 657 870 sine
682 799 907 870 adminiculo
934 800 1025 870 milri
1045 797 1194 890 sumpsi,
1213 819 1284 866 non
1305 809 1380 864 tam
1401 797 1444 866 od
1468 799 1633 870 methodi
1653 807 1850 880 artificium

184 933 295 1008 quarn
327 910 518 979 neoterium
548 904 734 1002 perspicue
762 901 1048 998 proponendam,
1075 897 1229 993 respexi,
1256 919 1326 967 tion
1356 899 1485 990 ingenii
1515 903 1717 974 ostentandi
1751 931 1851 1004 ergo,

167 1009 243 1080 'sed
273 1008 383 1080 solius
413 1011 576 1076 veritatis
602 1003 828 1098 indagandae
854 1027 988 1092 aurore,
1015 1009 1183 1100 cujusque
1210 997 1464 1096 disputationis
1490 997 1645 1096 ingenuo
1666 1003 1736 1076 line
1763 1005 1850 1080 tuec

181 1105 346 1182 exhiberi
374 1107 706 1179 demonstraturus.

405 1308 743 1365 summam

170 1473 371 1549 fidejussionis
383 1474 563 1545 etymologiar
569 1471 764 1548 fidejussorum
784 1473 811 1526 i.
824 1491 946 1546 genera.
964 1478 990 1529 1.

205 1577 329 1626 sponsor.
343 1561 369 1610 2.
382 1559 537 1612 moredator.
558 1563 583 1614 3.
602 1562 775 1615 constitutor.
799 1560 826 1613 1.
837 1560 992 1635 fidejussor

203 1643 328 1712 specialis
338 1661 361 1694 s.
373 1646 570 1710 appromissor.
582 1651 604 1706 ς.
616 1647 644 1695 1.

169 1725 483 1799 Definitiofidejussoris
495 1725 553 1796 esst
565 1729 723 1796 'classiario
735 1730 758 1794 S.
771 1729 795 1781 1.

170 1811 263 1866 Causa
273 1811 395 1884 efficiens
396 1811 596 1884 fidejussionis:
604 1813 714 1883 porinum
720 1813 823 1884 possint
825 1809 991 1887 fidejubere.

158 1979 288 2034 ‘maaria
302 1981 331 2030 in
346 1998 409 2050 oua.
421 1982 445 2046 S.
461 1980 486 2031 1.

168 2062 476 2130 Formafidep'usrioniss
485 2083 523 2116 nn
535 2065 616 2118 etiarn
630 2065 741 2120 ualeant
752 2065 940 2136 stipulationes
944 2085 993 2136 per

204 2145 343 2210 epistolum
356 2155 530 2200 contractae.
544 2153 565 2209 ς.
579 2149 603 2200 t.

171 2229 310 2301 OlJ'eatum
322 2229 516 2299 fidejussionis.
533 2235 592 2287 tt.

166 2312 530 2384 Fideiussiosoeminarum:
549 2315 720 2384 onfiensina
731 2318 817 2389 possit
832 2321 992 2372 renunciare

202 2395 332 2465 beneficio
345 2398 397 2450 reti
408 2399 543 2470 rellejani.
558 2407 580 2460 §.
596 2401 622 2452 7.

114 2465 120 2474 ⁸
167 2481 375 2554 Aufidejussor
386 2482 481 2536 dorius
491 2483 611 2553 obligari
619 2485 703 2554 possit
722 2503 805 2555 quam
822 2488 991 2558 principalis:

199 2567 337 2622 distinctio
349 2566 537 2637 fidejussoris:
548 2564 704 2636 fidejussor
721 2585 751 2622 se
770 2569 888 2640 obligare
905 2585 992 2638 potest

201 2651 250 2704 sub
261 2652 411 2719 lypotlreaa
427 2667 472 2702 seu
482 2648 608 2717 pignore.
624 2669 651 2702 n.
664 2653 690 2702 8.

167 2733 373 2805 Anfldejoesor
383 2749 588 2800 nonnumquam
600 2735 702 2787 orntirrs
719 2745 850 2791 teneatur.
862 2737 886 2810 S.
898 2742 924 2794 il.

170 2819 274 2887 Quibus
284 2815 612 2889 benfiair'sfidejussores
624 2821 667 2872 uri
676 2832 803 2884 possunt:
824 2823 911 2893 denes?
921 2828 991 2881 ordi.

201 2908 244 2958 nis
255 2920 304 2958 seu
324 2903 509 2956 excussionis:
527 2905 699 2958 recursionis
717 2909 842 2973 exceptio
865 2923 929 2966 ante
949 2913 988 2967 lit.

201 2998 318 3042 contest.
330 2987 507 3070 opponenda:
523 2991 667 3043 contraria
680 2993 827 3046 sententia:
841 2993 935 3064 quibus
947 3015 990 3050 eo-

199 3073 273 3126 sibus
286 3071 337 3122 laos
348 3071 459 3141 benefic.
474 3087 530 3123 non
544 3081 689 3141 competat.
704 3073 725 3136 §.
740 3075 783 3123 10.

165 3156 286 3219 Benefie.
298 3156 446 3208 divisionis:
458 3155 572 3223 quando
586 3156 789 3225 opponendum.
799 3159 823 3222 ς.
835 3162 879 3212 11.

164 3238 285 3309 Benefio·
299 3239 478 3293 eedendarum
492 3240 641 3291 actionum:
662 3241 798 3306 utromodo
817 3261 834 3294 a
853 3243 897 3296 dd.
913 3263 986 3299 uoce·

200 3333 261 3376 tur:
279 3323 390 3392 quando
402 3320 560 3394 fidejussor
577 3323 726 3376 cessionem
744 3326 882 3378 astianum
899 3339 986 3393 petere

198 3406 290 3470 possit.
301 3414 323 3469 ς.
335 3406 379 3457 11.

165 3489 387 3560 Fideiussorilus
398 3499 552 3560 competunt
566 3490 735 3559 exceptiones
747 3491 831 3546 reales
850 3503 876 3546 et
890 3511 984 3565 perso·

199 3576 285 3629 nuiss·
297 3582 319 3636 §-
333 3575 376 3628 18.

167 3656 255 3728 Fidej.
268 3667 334 3711 onte
343 3655 508 3712 solutionem
519 3657 749 3711 adlilerotionem
761 3675 842 3730 agere
854 3677 910 3713 non
924 3674 985 3730 pot·

197 3751 248 3793 eet:
260 3756 339 3794 nasus
352 3741 456 3810 aliquot
469 3742 496 3793 in
513 3739 611 3808 ouibus
620 3744 714 3811 possit.
724 3739 746 3812 S.
763 3741 807 3794 li.

167 3823 285 3891 Quando
295 3821 443 3890 fidejussor
455 3824 590 3878 liberetur.
603 3831 626 3884 ς.
638 3825 680 3875 lli.

162 3907 322 3978 Fideiussor
331 3907 474 3960 ordinario
488 3909 569 3962 modo
584 3927 642 3963 non
654 3909 683 3960 in
703 3924 800 3964 maras
813 3911 863 3964 sed
880 3911 908 3964 in
928 3927 985 3965 sor-

194 4004 249 4048 tem
261 3993 406 4062 obligatum
419 3993 556 4061 eaeiplrar
569 4010 658 4049 ausus:
671 3993 697 4046 ri
706 3993 920 4066 rissefidejosror
933 4016 987 4052 mo·

196 4094 255 4131 rum
267 4077 427 4130 committat.
442 4075 466 4146 S.
483 4078 526 4128 tt.

162 4157 297 4231 Anjidej.
305 4159 368 4212 dari
376 4161 461 4222 possit
468 4173 518 4228 pro
530 4176 571 4220 eo,
581 4159 628 4226 oui
637 4177 674 4212 ea
683 4161 780 4214 delicto
789 4158 925 4231 alligatus
937 4172 984 4215 est:

1038 1394 1058 1450 ς.
1081 1391 1107 1441 1.
1179 1387 1318 1442 uuabulum
1337 1388 1386 1442 hoe
1405 1387 1592 1461 fidejussionis,
1606 1411 1660 1450 uon
1679 1396 1801 1469 simplex.
1813 1405 1858 1458 sed

1038 1473 1212 1542 sumpoaitum
1231 1483 1277 1538 est,
1296 1472 1440 1526 derivatum
1458 1475 1528 1526 enim
1548 1495 1561 1527 a
1581 1473 1635 1528 fide
1652 1489 1677 1530 et
1695 1481 1780 1549 jubeo,
1796 1486 1858 1540 irino

1038 1553 1194 1624 fitajaslaaee,
1212 1556 1241 1606 iel
1259 1565 1306 1620 est,
1325 1557 1405 1611 elium
1423 1559 1524 1626 jubere,
1541 1575 1586 1612 soe
1603 1557 1657 1614 fite
1676 1579 1739 1628 rena,
1755 1569 1793 1619 rel
1811 1589 1857 1638 pe-

1039 1640 1144 1692 ennlam
1163 1640 1280 1704 eredere,
1299 1641 1361 1692 hiae
1379 1639 1514 1709 lidejrrsslo
1531 1654 1556 1694 et
1577 1641 1725 1712 iirlejusson
1739 1667 1789 1718 qno
1814 1673 1858 1704 ea.

1037 1724 1129 1776 mbnln
1146 1723 1308 1792 fidejussoris
1320 1726 1388 1794 large
1403 1725 1598 1794 significatione
1612 1731 1700 1784 omnis
1715 1737 1737 1787 is
1751 1737 1858 1808 dieitur,

1038 1807 1082 1875 qrri
1102 1808 1209 1858 alterius
1227 1808 1416 1874 obligationem
1437 1811 1553 1878 suscipit,
1574 1822 1599 1864 et
1618 1811 1671 1866 sade
1690 1833 1735 1868 sua
1753 1835 1809 1872 esse
1822 1825 1859 1890 jn-

1041 1889 1091 1940 iret:
1111 1889 1173 1942 hine
1190 1887 1331 1955 fidejussor
1349 1909 1396 1960 per
1413 1893 1616 1959 stipulationem
1634 1901 1807 1956 constituitur
1819 1909 1859 1974 ju·

1040 1987 1068 2025 se
1084 1973 1156 2025 cteltt
1178 1992 1285 2026 rorusuu
1303 1975 1321 2026 1.
1338 1977 1364 2028 si
1380 1977 1571 2032 haereditatem
1598 1982 1641 2034 31.
1657 1982 1698 2051 ffi
1721 1989 1858 2056 mundati,

1040 2057 1059 2107 1.
1075 2060 1101 2110 3.
1119 2065 1141 2119 ς.
1160 2060 1208 2110 ult.
1225 2060 1251 2110 ri.
1268 2060 1301 2111 de
1317 2061 1436 2112 aminist.
1454 2079 1507 2115 rer.
1525 2065 1563 2116 ad
1579 2063 1633 2116 citt.
1649 2079 1716 2134 pert.
1734 2071 1752 2122 1.
1774 2073 1817 2122 tu.
1836 2091 1859 2128 c.

1040 2139 1068 2192 ir.
1086 2152 1103 2190 1.
1122 2141 1318 2195 Fide'ussonnu
1338 2144 1427 2211 itaque
1453 2145 1502 2198 hon
1527 2163 1604 2200 sensu
1630 2161 1741 2218 qrratuor
1764 2173 1857 2222 genere

1038 2224 1156 2273 enarrari
1176 2234 1295 2290 possum,
1314 2233 1360 2274 aut
1378 2229 1448 2275 enisu
1464 2243 1613 2294 sponsores,
1626 2233 1666 2284 sel
1681 2235 1857 2304 mandatores,

1038 2301 1077 2353 rei
1094 2304 1289 2365 constitutores,
1308 2307 1346 2358 sei
1365 2307 1481 2374 denique
1499 2305 1664 2377 firlejussores
1676 2319 1801 2384 speciales
1813 2339 1859 2392 sp·

1039 2384 1180 2450 pellautur,
1198 2389 1242 2453 qrri
1262 2389 1342 2440 etiem
1362 2393 1571 2459 appromissores
1589 2393 1714 2452 dicuntur
1732 2401 1748 2453 l.
1769 2403 1857 2468 iti.

1039 2465 1071 2519 tie
1084 2484 1107 2519 r.
1120 2487 1145 2521 a.
1160 2470 1177 2522 l.
1191 2469 1236 2523 13.
1249 2472 1282 2524 de
1292 2474 1373 2526 sotus.
1385 2476 1403 2526 1.
1417 2475 1460 2528 fii.
1473 2487 1492 2540 ς.
1507 2479 1531 2531 l.
1552 2482 1631 2534 solur.
1654 2495 1734 2540 matr.
1759 2487 1777 2540 l
1800 2492 1860 2558 qui·

1038 2548 1087 2602 11111
1106 2553 1217 2605 maltum
1238 2553 1330 2610 differt
1347 2561 1540 2626 eapmmissor,
1559 2565 1603 2632 qui
1624 2567 1698 2618 idem
1718 2587 1777 2622 cum
1804 2575 1859 2628 elio

1038 2651 1090 2688 nou
1111 2639 1253 2704 promittit,
1272 2657 1319 2691 ueo
1336 2642 1489 2710 otiligationi
1510 2647 1610 2700 alienae
1629 2651 1741 2717 accedit,
1762 2655 1807 2709 sed
1825 2676 1858 2711 ex

1038 2723 1212 2786 promissione
1231 2724 1304 2793 prior
1321 2725 1446 2792 obligatio
1463 2731 1636 2798 extinguitur,
1656 2743 1681 2787 et
1701 2737 1785 2791 aliene
1810 2758 1858 2812 per

1038 2807 1201 2858 notationem
1221 2807 1364 2877 suscipitur
1383 2810 1444 2864 17.
1464 2819 1486 2876 ς.
1505 2814 1532 2866 8.
1552 2815 1584 2868 de
1602 2815 1676 2871 dolo.
1694 2819 1713 2873 i.
1733 2821 1776 2872 ³⁷.
1795 2823 1814 2875 1.
1833 2825 1858 2878 1.

1036 2887 1070 2938 de
1086 2891 1202 2944 condiet.
1221 2907 1293 2945 eous.
1310 2892 1365 2945 dar.
1384 2908 1440 2946 non
1459 2905 1540 2952 secut.
1569 2899 1686 2967 Sponsor
1712 2907 1858 2975 appelletur

1037 2969 1076 3035 is,
1094 2975 1139 3040 (tui
1160 2991 1212 3029 uuu
1231 2987 1344 3043 rogatus,
1363 2979 1407 3030 sed
1427 2982 1576 3046 voluntarie,
1591 2995 1617 3036 et
1631 3003 1674 3038 sue
1689 2997 1782 3059 spoute
1795 2989 1858 3058 (aus

1032 3065 1115 3122 guten
1126 3058 1229 3127 freyen
1253 3059 1373 3126 Willen)
1391 3079 1440 3132 pru
1458 3066 1511 3117 alio
1528 3069 1672 3135 promittit,
1692 3073 1731 3123 sel
1751 3072 1859 3128 interce·

1035 3139 1086 3200 dit,
1103 3150 1129 3190 et
1147 3142 1295 3196 remotione
1312 3163 1415 3215 quoque
1431 3147 1579 3217 obligatur,
1599 3165 1623 3204 et
1642 3153 1720 3208 hebet
1740 3159 1856 3210 meudeti

1034 3223 1164 3275 actionem
1184 3237 1271 3276 contra
1290 3227 1464 3296 principalem
1477 3231 1639 3299 debitorem,
1655 3235 1678 3286 si
1689 3237 1790 3308 aliquid
1803 3244 1858 3310 ejus

1034 3307 1142 3360 nomine
1160 3310 1254 3371 solsltg
1272 3310 1393 3364 differta
1418 3309 1589 3382 fidejussore,
1615 3320 1676 3389 quia
1703 3323 1726 3375 is
1749 3325 1856 3382 alterius

1033 3403 1121 3458 rogata
1138 3393 1301 3445 intercedere
1319 3396 1391 3448 solet.
1411 3398 1550 3451 illaudatos
1566 3411 1624 3465 est,
1641 3407 1713 3474 suajus
1734 3409 1857 3464 mandato

1033 3473 1209 3540 contrahitur,
1229 3477 1267 3527 sel
1288 3478 1333 3546 qul
1354 3480 1459 3530 mandat
1478 3483 1555 3534 alicui
1574 3484 1656 3551 credi,
1679 3495 1857 3545 1111111111-

1031 3567 1083 3625 quo
1106 3559 1243 3624 eoutrslri,
1262 3571 1338 3630 atque
1357 3565 1394 3614 ita
1414 3561 1468 3617 tle
1486 3583 1530 3618 sne
1549 3583 1605 3620 esse
1624 3571 1706 3637 intret,
1723 3584 1748 3626 et
1766 3575 1857 3634 differt

1032 3660 1045 3692 e
1065 3638 1225 3708 fidejussore,
1245 3645 1306 3714 quia
1319 3647 1377 3698 sine
1389 3648 1554 3704 solemnitate
1570 3653 1719 3723 verborum,
1732 3661 1786 3713 solo
1799 3680 1856 3716 eou-

1034 3739 1113 3778 seusn
1131 3727 1278 3796 obligatum
1297 3733 1361 3783 item
1381 3727 1520 3802 fidejussor
1539 3740 1696 3805 praeteritae
1713 3755 1736 3796 et
1756 3743 1857 3802 intrrroe

1033 3809 1204 3879 obligationis
1223 3815 1308 3885 accipi
1329 3827 1432 3885 potest,
1452 3819 1589 3876 mandator
1615 3842 1679 3879 uero
1701 3831 1857 3898 regulariter

1033 3911 1137 3963 semper
1154 3897 1285 3963 praecedit
1302 3899 1498 3966 obligationem.
1517 3904 1536 3955 1.
1553 3909 1581 3957 si
1595 3925 1658 3960 reru
1678 3911 1701 3974 S.
1717 3923 1781 3976 post
1798 3933 1855 3970 cre·

1033 3976 1176 4046 ditum-ff
1196 3983 1329 4036 mandati.
1348 3983 1382 4034 Et
1401 3984 1542 4038 notandum
1556 3989 1614 4054 hoe,
1628 3993 1698 4058 quod
1716 3994 1855 4048 mandator

1033 4076 1080 4116 suo
1096 4065 1206 4116 nomine
1223 4065 1363 4133 obligetur,
1382 4083 1431 4133 per
1449 4067 1466 4119 1.
1486 4067 1529 4120 28.
1545 4069 1588 4136 ff.
1615 4075 1747 4130 mndati.
1774 4079 1854 4143 Papi·

1033 4144 1127 4198 niauas
1144 4149 1201 4210 ait,
1221 4145 1412 4200 mundatorem
1437 4149 1581 4216 debitoris,
1608 4157 1773 4224 soluentem,
1793 4163 1851 4232 ipso

198 4241 486 4306 ansuiear'iiiuoenu
500 4241 559 4312 paru
569 4257 619 4312 pro
634 4242 985 4316 reofiiejuiereposss'tran
1025 4228 1092 4300 im
1108 4245 1183 4283 “iim
1202 4247 1259 4282 Μ
1278 4231 1406 4284 mmm·
1421 4233 1532 4302 Pffll’ief
1550 4241 1701 4292 mandatum
1721 4244 1853 4298 11111111-

184 4325 492 4399 fideiussoriiirerstur,
512 4327 538 4379 si
554 4342 629 4381 reum
644 4325 673 4378 in
688 4327 793 4397 joatos’o
815 4329 854 4383 iis
872 4330 981 4384 stiterit.

197 4417 215 4469 i.
237 4415 280 4465 1³1.

161 4495 538 4571 Aufidejossorinterrenire
547 4491 632 4566 possit
641 4511 690 4565 pro
708 4493 839 4566 prodigo,
855 4492 980 4565 furioso,

195 4581 309 4648 pupillo.
321 4583 344 4647 S.
358 4581 403 4632 18.

161 4665 307 4722 Distinatio
319 4668 391 4718 inter
399 4661 592 4720 commendare
603 4669 629 4714 et
642 4663 783 4718 mandare:
792 4679 830 4714 an
841 4679 980 4717 common·

196 4753 277 4806 autor
287 4747 446 4803 mandatori
457 4747 489 4802 in
500 4744 629 4799 omnibus
651 4747 776 4801 articulis
787 4747 863 4819 juris
875 4765 984 4818 compa·

196 4832 309 4890 raudus.
321 4831 345 4905 S.
361 4834 404 4884 11.

162 4921 305 4983 Actiones,
316 4933 385 4987 quas
397 4911 638 4989 inoletjidejussor.
651 4921 672 4978 ς.
684 4915 727 4968 10.

162 5004 321 5077 Fidejussor
333 4997 520 5054 indemnitatis
533 4998 639 5068 dupless.
655 5009 675 5064 ς.
688 4999 732 5052 ut.

162 5089 211 5140 An
221 5085 368 5158 fidejussor
380 5081 565 5135 indemnitatis
576 5091 702 5138 teneatur
713 5081 814 5137 solorre
835 5097 931 5140 usuras
950 5101 980 5136 u·

197 5185 334 5226 surarum.
348 5167 435 5240 Fidej.
447 5165 627 5220 indemnitatis
638 5167 748 5235 uestigia
758 5167 787 5218 in
794 5165 859 5235 iure
869 5167 921 5220 aire
939 5167 979 5220 in·

196 5253 346 5308 veniuntur:
360 5266 460 5305 usurae
471 5265 614 5304 usurarum
627 5249 655 5304 in
668 5250 812 5306 electoralis
825 5251 927 5305 Brund.
937 5250 979 5306 lo·

196 5355 256 5392 sum
270 5353 327 5390 non
340 5335 448 5390 11111111.
461 5342 483 5397 ς.
499 5333 543 5386 11.
898 5329 901 5336 ’

1034 4327 1077 4362 um
1096 4311 1172 4365 soluit
1191 4317 1217 4366 et
1235 4329 1281 4366 suo
1299 4313 1414 4367 numine
1430 4315 1547 4386 Ideoque
1561 4323 1721 4378 mundatori
1733 4329 1852 4384 actiones

1029 4405 1106 4460 piarat
1124 4395 1256 4450 adversas
1273 4413 1350 4450 reum
1368 4399 1426 4450 eedi
1443 4398 1546 4454 delere.
1570 4403 1725 4472 Fideiussor
1745 4428 1803 4466 sero
1822 4432 1850 4464 a.

1030 4478 1111 4531 lieno.
1129 4479 1147 4531 l.
1166 4483 1193 4531 1.
1211 4487 1233 4542 ς.
1251 4480 1277 4530 8.
1286 4478 1327 4548 ff
1345 4483 1378 4534 de
1396 4481 1449 4535 oli.
1469 4491 1496 4534 et
1512 4493 1563 4536 aet.
1582 4483 1750 4544 Constitutus
1774 4512 1851 4547 suce-

1031 4571 1088 4628 tur,
1106 4564 1150 4632 qni
1171 4565 1290 4632 proelio
1308 4581 1336 4617 se
1360 4565 1505 4620 soluturum
1535 4571 1688 4640 1111111111,
1715 4577 1784 4646 quod
1805 4579 1851 4633 iile

1028 4657 1090 4699 aute
1108 4647 1202 4709 debet,
1222 4660 1245 4702 et
1263 4649 1298 4702 iis
1317 4665 1422 4718 aeauper
1449 4655 1569 4721 sequitur
1593 4657 1767 4728 principalem
1785 4661 1850 4714 obii·

1027 4732 1158 4800 gallonem
1178 4743 1349 4794 contractem,
1369 4743 1396 4787 et
1414 4733 1441 4786 id
1460 4737 1498 4787 ael
1513 4737 1584 4790 nudo
1596 4749 1696 4792 tantum
1713 4753 1796 4810 paeto,
1811 4748 1850 4798 rel

1028 4831 1076 4886 per
1094 4815 1230 4885 epistulam
1248 4814 1308 4868 lieri
1329 4829 1411 4886 potest
1429 4819 1447 4870 l.
1466 4820 1578 4886 puidam
1587 4817 1628 4888 ff.
1640 4821 1673 4876 de
1686 4828 1791 4878 constit.
1802 4845 1850 4894 pe·

1027 4918 1087 4954 eun.
1107 4901 1255 4970 Fideiussor
1273 4911 1358 4955 autern
1379 4905 1502 4973 specialis
1520 4905 1543 4957 is
1562 4909 1671 4976 proprie
1683 4907 1790 4975 dicitur,
1802 4915 1848 4980 qui

1027 4995 1140 5055 rogetus,
1161 4987 1270 5056 solemni
1290 4987 1461 5054 stipulatione
1475 4989 1665 5042 interveniente
1677 4987 1756 5044 iidem
1773 5009 1846 5048 suam

1028 5069 1059 5120 ad
1079 5071 1203 5137 majorem
1223 5069 1364 5123 creditoris
1383 5073 1555 5134 securitatem,
1574 5073 1610 5124 ita
1629 5091 1677 5143 pro
1694 5075 1746 5127 alio
1765 5077 1848 5130 iuter·

1028 5153 1102 5222 ponit
1121 5163 1150 5205 ut
1168 5155 1327 5224 principalis
1347 5153 1452 5207 debitor
1472 5155 1650 5208 nihilominus
1670 5173 1770 5212 maneat
1783 5161 1849 5215 obii·

1027 5251 1109 5308 gatus.
1122 5239 1210 5292 Gloss.
1223 5239 1253 5291 in
1266 5241 1340 5293 nutis.
1351 5242 1384 5292 de
1390 5241 1514 5314 fidejuss.
1528 5250 1553 5291 et
1566 5243 1679 5294 mandat
1699 5245 1787 5300 collat.
1800 5263 1846 5300 su·

1025 5339 1074 5394 per
1084 5321 1410 5396 aeriumfidejussorum,
1429 5333 1454 5376 et
1474 5325 1569 5376 Paulus
1580 5325 1613 5378 de
1622 5325 1714 5380 Castro
1727 5325 1756 5382 in
1771 5329 1846 5384 rrair.

159 5423 190 5478 Si
189 5421 342 5493 fideiussor
351 5418 535 5473 indemnitatis
548 5415 727 5492 fidejussores
746 5417 887 5473 indemnes
902 5435 978 5488 prae·
1013 5405 1060 5480 ,ff-
1078 5409 1183 5463 etiem·

196 5517 269 5560 stare
285 5501 426 5576 proms'sit,
443 5517 478 5553 an
496 5503 538 5558 ad
554 5519 646 5556 usuras
670 5517 814 5556 usurarum
837 5513 977 5560 teneatur.

168 5591 285 5744 alliis
298 5681 380 5726 resset
391 5667 703 5743 ffotosfidejussionis.
714 5675 737 5732 ς.
751 5669 794 5722 tt.

249 5756 351 5826 Stryiii
371 5757 430 5816 lul.
450 5761 504 5817 ῙΧ.

1063 5495 1087 5559 S.
1099 5493 1125 5543 1.
1145 5491 1270 5561 Seqtritur
1288 5491 1338 5558 ism
1358 5487 1480 5546 letoldo
1498 5489 1670 5564 fidejussoris,
1688 5515 1765 5568 quatu
1785 5516 1845 5554 eum

1027 5573 1073 5627 du.
1090 5575 1196 5628 Strueio
1214 5577 1250 5626 ite
1269 5571 1418 5628 deliuimos.
1438 5575 1596 5646 Fideiussor
1610 5592 1650 5633 est
1667 5583 1714 5652 oui
1723 5582 1845 5638 median·

1026 5673 1052 5715 te
1068 5661 1245 5732 stipulatione
1260 5677 1320 5731 pto,
1338 5661 1459 5717 motare
1478 5661 1566 5733 fidem
1590 5685 1655 5737 erga
1685 5667 1845 5723 creditorem

1541 5749 1576 5802 il'l
