4460 6208
261 322 316 381 i'l'i
615 319 663 375 DE
680 312 795 374 monis
815 314 1006 374 vtnsutttt
1024 313 1162 374 stistte
1182 310 1413 368 tecttttottts
1430 323 1492 366 esc.
1792 316 1848 369 tte

207 423 346 498 probatum
366 415 491 480 elabitur,
505 415 545 470 rei
559 413 696 470 sessuram
718 418 770 468 islo
788 432 850 468 aero
869 413 1029 468 inconsonus
1084 427 1107 467 te
1127 413 1251 483 pecuniae
1269 410 1478 504 commentarius
1497 405 1721 506 exsolvenplepele
1740 405 1791 481 'qum
1809 409 1845 462 ins
1857 429 1905 465 η.

208 518 328 577 respectu
349 505 492 574 explanato
511 501 678 569 ineligitesse.
1084 495 1210 548 conditae
1228 491 1392 544 errdtlrones
1409 489 1477 542 tum
1496 487 1529 542 ds
1551 507 1639 546 usum
1660 492 1804 546 nalnanus
1821 509 1847 560 p.
1867 509 1905 546 m.

246 599 268 654 ς.
290 592 331 642 to.
349 586 463 640 l’oenori
482 593 616 655 sumptum
636 581 696 635 irleo
714 580 839 646 enuncio,
858 579 925 650 qsrosl
946 579 1033 634 iocun-
1086 578 1129 631 tt.
1157 577 1295 631 Creternm
1322 593 1371 628 nec
1396 574 1585 643 justinianeum
1610 577 1652 644 jue
1681 571 1744 628 iirlei
1768 575 1905 646 opinionis

211 675 251 732 ris
265 689 359 728 nomen
381 686 434 723 non
453 685 503 738 pro
522 683 599 720 nsnre
618 665 793 731 ioenelrri‚nt
807 665 882 734 rulgo
895 665 1032 728 oculitur,
1085 680 1156 715 rnece
1175 665 1290 732 derogat.
1309 659 1348 714 Er
1368 660 1490 730 pluribus
1508 659 1696 716 Diocletianus
1720 662 1867 732 imperator
1883 661 1904 715 l.

208 758 317 829 proprie
342 751 457 822 supponi
482 749 640 819 repererim.
663 748 768 800 Faenus
792 747 863 798 enisu
890 750 1030 817 pecuniam
1086 749 1128 800 1³.
1145 765 1166 800 c.
1182 747 1220 800 asi
1236 763 1273 800 rc.
1291 746 1415 818 rellejan.
1435 760 1482 813 pro
1501 761 1542 796 soe
1560 744 1696 814 loquitur:
1712 743 1746 794 Si
1755 740 1904 812 faenebris

209 840 257 894 sub
275 837 363 891 neuris
382 831 551 888 faenebribus
570 832 699 886 creditum
723 831 863 896 denotare,
882 849 934 884 non
956 833 1033 886 morlo
1082 832 1195 900 pecunia
1211 829 1385 898 juetafidem
1400 829 1456 883 reri
1466 847 1484 880 a
1496 827 1627 882 creditore
1640 827 1691 882 eiii
1700 829 1765 884 iata
1777 837 1833 892 est,
1845 825 1903 882 etue

209 909 341 980 seriorum
360 929 494 972 sactorum
521 913 589 968 litas
606 915 722 979 evincit,
742 916 788 967 sed
815 923 842 966 et
867 913 938 984 ipsae
956 915 1033 982 justi·
1083 916 1494 988 totaqaalitasfhenoris,rivs
1511 912 1648 983 perseius
1666 913 1695 968 in
1715 913 1905 969 neumrrrart'tt'

209 1005 319 1058 nieueae
336 1004 404 1070 leges
422 1009 587 1054 attestentur.
606 998 683 1067 erod
701 998 773 1050 enim
793 997 899 1049 Tacitus
912 996 929 1048 l.
946 997 974 1051 6.
986 1015 1032 1050 on·
1080 1001 1241 1073 processisse
1250 1010 1430 1072 proponatur.
1445 1000 1476 1050 lu
1495 1017 1545 1070 que
1564 999 1621 1066 legs
1640 996 1731 1050 foenus
1751 999 1778 1052 in
1799 1007 1901 1052 tentent

214 1087 269 1142 nul.
288 1098 317 1140 nt
336 1085 472 1139 debitores
491 1082 606 1135 foenoris
625 1081 689 1134 ‹lues
708 1093 795 1152 pestes
813 1082 944 1135 solverent
962 1082 1033 1134 ‹lice-
1084 1103 1132 1158 pro
1158 1095 1227 1140 sorte
1248 1098 1304 1150 est,
1324 1087 1351 1137 in
1376 1095 1503 1156 qusntum
1531 1084 1587 1154 ipss
1607 1081 1741 1137 faenebris
1759 1081 1901 1156 pecuniae

208 1174 269 1240 bet,
288 1173 428 1228 Suetonius
454 1170 481 1222 in
509 1169 598 1222 sedens
625 1185 655 1221 re
679 1165 807 1220 uertenda
832 1167 904 1221 aeris
929 1165 1034 1221 alienae
1084 1169 1213 1223 creditore
1231 1169 1289 1220 slata
1308 1179 1387 1239 patet.

210 1255 275 1308 eluas
297 1251 689 1325 pertesefferebet.Cyprienas
708 1251 895 1320 episcopusob
915 1249 1032 1304 foenoris
1119 1253 1205 1317 §tn
1224 1249 1330 1302 Nullum
1358 1266 1400 1302 soe
1423 1248 1565 1318 praeterit,
1583 1249 1652 1320 quod
1677 1259 1705 1304 et
1727 1249 1824 1304 alicubi
1850 1248 1902 1308 ioe-

209 1339 368 1394 exercitium
394 1337 592 1400 notstnrne,·in
618 1334 681 1386 haec
706 1333 784 1388 rerba
810 1333 915 1402 erupit:
934 1335 1034 1389 leniens
1084 1351 1132 1386 nus
1146 1352 1195 1405 pro
1207 1352 1282 1387 usura
1298 1334 1332 1388 eit
1341 1335 1402 1401 ,uti
1422 1334 1441 1386 l.
1454 1332 1479 1385 1.
1487 1331 1529 1402 ff
1546 1332 1580 1387 de
1598 1335 1801 1404 neutsoereor.
1817 1339 1901 1392 Utro·

208 1431 371 1494 arpentum,
390 1419 502 1488 largiter
517 1417 591 1472 nelle
599 1415 713 1486 fiesties
730 1415 877 1470 insidiosus
883 1413 1033 1494 fraudibus
1084 1416 1161 1486 lique
1178 1420 1249 1471 enirn
1268 1418 1357 1487 majus
1374 1415 1494 1485 legitima
1514 1413 1708 1488 murajirenus
1720 1419 1858 1473 debebitur
1873 1429 1902 1474 et

207 1521 316 1577 rupere,
337 1505 428 1558 usuris
454 1501 697 1572 ertultr'ple'cantiius
713 1497 812 1559 feteam
831 1516 942 1568 angers:
962 1499 1032 1552 unde
1084 1499 1181 1570 taff.
1194 1503 1425 1574 deussenfherens
1438 1503 1546 1556 ubertus
1559 1502 1757 1558 rauonssorn's
1768 1503 1900 1572 premittit

208 1608 262 1644 non
282 1592 440 1643 inconcinne
464 1588 563 1639 notauit
582 1585 693 1638 Nouinr.
719 1589 846 1639 Mutuum
874 1603 891 1638 a
908 1581 1033 1653 sorum
1084 1587 1128 1638 eesl
1152 1588 1241 1641 omnis
1268 1588 1331 1642 hese
1356 1585 1557 1658 synecdochice.
1577 1607 1626 1642 eeu
1650 1597 1752 1658 perteus
1778 1604 1829 1656 pso
1846 1597 1900 1642 tota

208 1673 260 1727 irae
279 1671 375 1737 distat,
395 1669 471 1743 pund
490 1680 614 1725 mutuum
638 1669 697 1722 sine
722 1669 825 1734 usuris,
841 1663 951 1735 suenus
970 1685 1031 1722 curn
1083 1672 1163 1741 poni,
1181 1674 1252 1741 quod
1277 1688 1324 1724 nec
1347 1673 1423 1738 ictis,
1444 1689 1493 1725 nec
1516 1673 1577 1725 eliis
1606 1671 1728 1744 probetne
1756 1673 1899 1728 latinitatis

211 1755 300 1812 usuris
311 1757 436 1812 sumitur.
447 1757 487 1811 Ne
504 1754 568 1824 quit
587 1755 709 1824 exemplo
727 1753 840 1816 elesit‚e
859 1751 960 1806 Graeco
972 1771 1033 1822 quo·
1082 1755 1229 1810 auctoribus
1247 1757 1430 1810 inconsuetam
1452 1754 1708 1822 solustriacum.
1733 1755 1810 1825 Quot]
1836 1775 1898 1812 rcro

207 1857 258 1909 qne
276 1839 425 1910 interprete
445 1839 600 1893 testimonio
617 1839 731 1906 genricus
752 1837 828 1905 uulgo
853 1847 943 1890 notum
963 1839 1032 1891 arbi·
1082 1858 1114 1894 eu
1138 1845 1231 1895 anr'rno
1251 1841 1352 1896 foenori
1371 1853 1503 1912 sumptum
1524 1845 1674 1915 posuerim,
1695 1851 1724 1894 nt
1739 1859 1799 1894 scre
1816 1843 1900 1898 eliceto

211 1931 283 1987 trare
302 1920 406 1976 δάνειον
424 1933 544 1974 mutuum
564 1923 680 1990 graccis,
699 1937 840 1989 namquens
860 1935 972 1976 usurarrt
991 1924 1032 1979 sle·
1082 1927 1206 1979 eolrenslo
1224 1925 1379 1992 sufficeres,
1397 1945 1450 1980 non
1470 1927 1518 1980 hoc
1539 1929 1730 1983 determinabit
1750 1929 1824 2000 qnasi
1843 1947 1902 1984 aer·

209 2018 329 2071 notasse,
348 2007 394 2060 sed
421 2025 452 2059 eo
470 2007 579 2059 nornine
599 2007 629 2059 τὸ
656 2025 700 2060 κον
725 2023 797 2070 esse,
817 2006 1031 2075 interpretaturus
1081 2023 1173 2061 suram
1192 2008 1308 2066 fecturus
1327 2012 1380 2084 ipsi
1398 2013 1521 2068 crerlitori
1540 2015 1660 2067 animum
1678 2015 1824 2069 necessario
1843 2033 1898 2068 rne-

211 2091 299 2158 iteque
318 2090 352 2143 ds
371 2091 472 2141 caustico
495 2087 603 2143 foenore
629 2087 735 2140 titulnru
761 2090 823 2156 nupt
849 2109 897 2142 auu
914 2107 970 2139 ιιι-ο
987 2089 1031 2142 io·
1082 2093 1209 2149 niiesters
1234 2106 1381 2163 teneretur,
1399 2097 1445 2150 sut
1468 2093 1602 2164 sufficiet,
1627 2097 1650 2150 si
1676 2097 1734 2168 ipsc
1758 2115 1787 2152 ee
1812 2111 1899 2153 mentc

209 2175 279 2223 usion
298 2189 351 2223 non
372 2171 561 2234 seruaverit,
581 2180 610 2222 nt
629 2170 733 2222 inclinio
752 2169 817 2223 selis
835 2169 887 2235 sit,
903 2183 929 2227 el
942 2173 1028 2242 ipsam
1080 2181 1234 2235 creditorem
1253 2181 1373 2250 ,ωςὼις
1394 2193 1471 2254 prom
1490 2202 1537 2238 „00
1560 2185 1723 2256 permagni,
1742 2201 1790 2236 „20
1811 2185 1898 2238 pendi.

210 2254 303 2308 1001101
320 2273 370 2326 [lio
388 2263 460 2308 10110
478 2255 526 2307 tub
544 2253 631 2306 mliii!
652 2253 822 2306 initiissim·
835 2253 887 2307 cili*
905 2274 965 2310 iel'o
979 2257 1027 2308 itu·
1083 2274 1122 2319 {01¹
1141 2275 1166 2316 el
1184 2279 1285 2336 emptor
1300 2267 1411 2320 invicem
1425 2281 1539 2322 mentem
1559 2269 1706 2330 dalmat·
1720 2284 1770 2336 qm
1787 2267 1900 2336 quisquo

209 2348 317 2411 perator
335 2340 368 2392 sle
384 2341 490 2392 nautico
509 2339 617 2392 foenore
642 2337 747 2390 titulum
775 2339 884 2392 inscribi
902 2338 1030 2406 vuluerit,
1080 2349 1111 2401 ..1
1130 2351 1336 2403 contrahentur„
1355 2353 1460 2406 ‚onaan
1472 2391 1480 2418 ‚
1505 2369 1563 2422 αρε,
1587 2354 1606 2406 ι,
1631 2353 1658 2403 8.
1680 2368 1704 2404 ρ.
1727 2353 1762 2406 aa
1785 2351 1899 2404 munina,

212 2438 238 2478 et
258 2443 312 2478 non
332 2424 448 2478 nentlcis
471 2425 573 2488 usuris,
592 2422 658 2475 inde
681 2421 779 2474 iactum
805 2425 938 2493 conjicere
955 2424 1031 2488 licet,
1081 2431 1182 2485 uendit.
1198 2432 1338 2500 Reliquum
1358 2435 1439 2487 alters
1460 2435 1648 2504 disputationis
1667 2453 1727 2505 pers
1746 2433 1893 2488 exhibebit.

131 2533 134 2541 ·
208 2505 277 2575 quoti
296 2523 391 2561 usurae
410 2523 562 2560 communes
581 2505 899 2572 succcesirccnrrant,et
918 2516 1032 2577 proreta
1080 2513 1155 2564 Nune
1180 2513 1214 2565 ‹lc
1239 2515 1318 2570 rasile
1342 2531 1461 2572 ressusee
1485 2515 1620 2572 iucieadoe
1645 2520 1730 2572 enodis
1762 2519 1830 2572 nint
1858 2517 1897 2576 eli·

208 2593 337 2666 temporis
355 2594 511 2662 solrendae,
525 2593 642 2646 hircum
662 2600 733 2644 sorte
750 2589 830 2643 simul
843 2608 908 2648 nere
921 2591 1031 2645 rodeno·
1080 2596 1201 2652 nendum.

884 2771 1136 2842 CAPUT
1183 2775 1228 2844 ll.

558 2971 615 3038 Du
640 2969 752 3040 modis
775 2995 943 3044 versurae
962 2975 1101 3066 primae
1124 2977 1334 3068 acceptionis
1357 2979 1394 3050 in
1416 3006 1545 3076 genere:

450 3176 473 3228 S
494 3176 522 3230 tt
535 3175 569 3227 li
585 3174 621 3227 M
634 3175 663 3228 A
682 3177 707 3229 ii
725 3179 745 3230 1
759 3176 789 3228 ,t
1109 3176 1189 3230 erun
1206 3177 1321 3232 aercius
1335 3197 1384 3247 pro
1400 3183 1487 3248 pretio
1505 3187 1555 3240 usi.
1571 3185 1645 3258 Quid
1653 3189 1705 3244 ista
1724 3206 1821 3246 sternas
1838 3193 1888 3248 Vs·

1112 3271 1179 3313 teres
1196 3265 1342 3317 secundnm
1354 3264 1433 3319 bores
1442 3270 1563 3339 pretium
1574 3289 1700 3339 posuere.
1712 3275 1807 3328 Etiam
1820 3278 1894 3348 apud

210 3345 338 3397 Venturae
359 3338 481 3395 eamdem
500 3356 560 3394 cum
586 3349 738 3395 mercatura
761 3339 894 3409 originem
918 3343 1028 3400 labere.
1110 3345 1242 3411 quosdam
1258 3346 1363 3412 primus
1381 3367 1507 3406 nummus
1524 3355 1588 3408 bare
1601 3367 1718 3411 notatus.
1733 3361 1897 3414 Assertira·

247 3425 355 3479 Asserti
370 3423 451 3478 ratio.
468 3423 643 3480 Permutatio
657 3423 720 3495 jans
739 3422 845 3475 Adurni
861 3440 931 3477 aevo
949 3426 1029 3479 inva-
1114 3427 1162 3480 tia.
1180 3430 1342 3484 euroeam
1359 3452 1500 3490 nummum
1519 3455 1575 3490 non
1591 3455 1669 3502 passe
1683 3441 1804 3513 primum
1822 3441 1879 3498 dici
1886 3479 1896 3511 ,

244 3508 302 3562 ierit.
321 3511 406 3564 Artes
423 3520 520 3560 omnes
539 3515 603 3559 ante
622 3503 752 3559 diluuium
776 3502 953 3574 simpliciores
959 3502 1029 3575 sue·
1112 3511 1160 3564 sed
1172 3513 1263 3582 potius
1279 3533 1401 3572 mnsam.
1415 3522 1531 3574 Nummi
1544 3523 1698 3580 aestimatio
1716 3526 1795 3582 unm.
1808 3531 1897 3584 Athe·

243 3603 317 3648 nunt.
338 3598 408 3649 Post
431 3591 566 3648 diluvium
591 3591 682 3664 majus
704 3590 857 3644 Itabusrunt
881 3591 1029 3646 intremere·
1112 3595 1311 3667 nienserseiiei
1325 3603 1443 3673 auspt'cio
1461 3623 1498 3660 ss
1523 3625 1597 3662 mera
1617 3621 1730 3679 argento
1753 3630 1895 3670 nummum

245 3689 311 3732 eum·
332 3679 481 3748 Nunquam
500 3675 655 3728 camenunio
673 3691 766 3728 rerum
783 3684 844 3742 past
860 3675 968 3745 lapsum
986 3677 1029 3731 ire·
1100 3676 1239 3749 ficerunt.
1261 3685 1332 3752 Quid
1355 3699 1474 3742 aeterum
1499 3705 1597 3759 natue,
1615 3713 1682 3765 quae
1697 3713 1757 3750 nore
1777 3700 1896 3768 amplius

244 3775 284 3815 rer
302 3779 398 3818 ornnes
417 3761 544 3815 mortales
557 3758 629 3830 suit.
647 3760 752 3814 Ere-ori
774 3760 823 3815 isti
835 3773 934 3832 poetae
951 3781 1028 3818 oeca-
1109 3765 1238 3828 ponderis
1255 3766 1400 3836 indicium,
1413 3770 1625 3845 indigitaverint.
1643 3779 1779 3852 Bnernpln
1797 3801 1897 3840 earum

244 3847 284 3900 sio
315 3863 388 3899 erere.
411 3845 483 3912 (tuit
505 3861 557 3912 per
574 3844 716 3912 ferreum,
733 3843 803 3916 quid
825 3863 936 3901 aureum
959 3865 1030 3904 secu·
1113 3857 1254 3902 notarum.
1269 3851 1368 3908 Sensus
1385 3857 1404 3910 l.
1427 3861 1451 3910 1.
1464 3873 1488 3911 ι.
1505 3857 1531 3910 sl.
1550 3868 1601 3916 ret.
1623 3863 1718 3918 aunis.
1738 3876 1833 3936 potest.
1844 3871 1894 3922 ln·

244 3931 302 3984 lum
320 3929 406 3984 eidem
425 3927 616 3982 cistelleaeeriat.
636 3930 746 3982 Asserti
768 3929 850 3985 ratio.
871 3931 932 3984 Jeti
946 3933 1030 3988 dami-
1112 3931 1229 3984 tellectns
1243 3949 1380 4006 pragmat.
1396 3951 1485 3996 sanct.
1494 3943 1680 4013 justinianeae
1697 3949 1736 4000 ad
1755 3952 1895 4021 Vigilium.

245 4015 354 4067 nicrum
372 4010 560 4065 distinctiones
575 4020 645 4064 recte
657 4012 745 4080 ajars
755 4017 876 4085 gentium
895 4014 1028 4075 demuant·
1110 4029 1205 4068 sensus
1221 4018 1238 4069 l.
1260 4022 1284 4072 1.
1302 4018 1331 4072 tt.
1350 4022 1376 4073 d.
1402 4034 1472 4078 cont.
1499 4039 1580 4096 empt.
1603 4029 1733 4084 Aliarum
1758 4033 1803 4086 dd.
1820 4035 1894 4087 eirea

244 4095 376 4150 Homines
404 4113 550 4162 numquam
577 4094 637 4148 salo
657 4094 724 4164 jure
747 4107 868 4152 naturae
896 4097 1029 4155 rinmunt
1113 4101 1234 4154 eamdem
1252 4107 1388 4160 sententia
1401 4107 1517 4178 pretium
1541 4109 1621 4164 retus
1642 4112 1713 4166 ands
1730 4113 1894 4180 impositum.

244 4190 305 4246 post
322 4181 435 4250 lapsum.
452 4179 530 4232 Deus
542 4179 654 4232 Adane
676 4179 833 4252 rreutiqaam
858 4192 963 4236 terram
981 4201 1031 4239 csse
1112 4184 1238 4237 Pecunia
1251 4189 1386 4253 quomodo
1398 4189 1609 4266 dicatarttitpott
1621 4214 1717 4252 rerum.
1735 4197 1807 4268 Quid
1817 4218 1895 4256 nnm-

246 4261 387 4316 inriiuiduo
411 4263 486 4315 donc
511 4259 600 4325 deiri,
618 4263 667 4315 seri
692 4265 794 4332 speciei
814 4263 960 4322 humanas.
984 4271 1029 4321 Ita
1113 4283 1172 4320 mess
1185 4265 1321 4340 profuerit
1335 4279 1540 4342 permutationi.

245 4355 354 4405 tamen,
371 4355 401 4399 ur
420 4347 508 4400 Adane
525 4363 577 4414 pro
602 4359 653 4400 neu
673 4357 824 4414 occuparet.
854 4351 1027 4405 Vesenserurn
1165 4381 1213 4479 V

246 4427 330 4482 morli.
348 4429 600 4484 ilctiaeententsiee.
616 4431 800 4486 Permutanii
813 4431 911 4488 modus
927 4433 1027 4501 simpli·
1074 4443 1143 4500 tt.
1212 4455 1321 4496 ersurae
1339 4443 1429 4499 modos
1450 4455 1653 4516 pertrectetnro,
1672 4449 1747 4519 urigo
1770 4453 1826 4520 ejas
1852 4451 1894 4506 ut·

245 4507 378 4580 cicrsuit
393 4511 492 4579 primo.
509 4515 549 4567 Et
565 4515 714 4583 quomodo.
732 4517 848 4574 Nummi
871 4519 1029 4574 inrenieneli
1074 4521 1197 4576 stinctius
1221 4527 1410 4594 praemittentis
1435 4531 1523 4598 renits
1549 4535 1667 4602 gentium
1696 4537 1754 4603 jure
1781 4536 1891 4606 quidem

245 4593 396 4648 necessitas.
421 4595 481 4650 Cur
503 4614 631 4652 nummus
657 4615 752 4653 rerum
782 4600 889 4664 dr'patur
913 4603 1021 4659 arbiter.
1072 4605 1212 4662 oriundum
1230 4609 1418 4682 descriptionis
1435 4615 1503 4668 estio
1520 4618 1573 4684 jera
1591 4619 1679 4688 capite
1697 4621 1785 4689 primo
1803 4621 1891 4687 stitit,

245 4679 377 4732 Nummus
394 4677 467 4730 unde
483 4677 568 4734 uteru
584 4680 627 4736 sit.
646 4683 867 4756 Nummuspuad
874 4686 947 4758 juris
956 4703 1020 4758 gen·
1072 4690 1116 4744 eerl
1137 4691 1207 4745 idern
1225 4697 1380 4764 generalius.
1393 4695 1472 4754 Nunc
1488 4717 1541 4755 non
1559 4718 1618 4755 cura
1632 4707 1823 4774 permutatione
1837 4705 1894 4776 pri·

241 4761 325 4828 tium,
344 4777 401 4814 nan
419 4760 509 4814 cuttu.
528 4764 661 4818 Nummus
671 4766 736 4838 jans
754 4769 907 4824 Abralromi
921 4781 1022 4842 tempo·
1072 4791 1113 4828 rna
1131 4779 1249 4848 cepisse,
1267 4793 1418 4852 ergamcnto
1441 4795 1495 4849 est,
1513 4787 1582 4858 qnod
1606 4789 1769 4845 solertiorem
1788 4807 1892 4861 perusu-

242 4861 273 4898 re
290 4855 379 4898 notus.
405 4844 550 4898 Phoenices
574 4848 615 4900 uti
639 4859 828 4917 mercaturos,
844 4855 884 4908 ita
901 4865 928 4908 et
941 4855 1025 4925 primi
1072 4857 1143 4912 teuit
1167 4871 1250 4915 erlem
1270 4875 1296 4917 et
1323 4864 1378 4920 lere
1396 4885 1455 4922 curn
1482 4881 1629 4925 mercatura
1657 4871 1726 4924 tuen
1746 4875 1830 4944 sapiet
1848 4875 1892 4925 lu·

243 4931 350 4982 nummi
365 4938 494 4982 amores.
513 4930 560 4982 At
578 4931 673 4994 iisdem
694 4934 794 4990 Graeci
813 4939 941 4994 notr'tiasr
965 4953 1021 4996 rra·
1071 4961 1154 4998 οιοιο.
1171 4943 1236 5000 Cum
1257 4961 1401 5006 mercetnta
1419 4952 1500 5022 igitur
1518 4956 1622 5025 cepisse
1641 4956 1747 5008 rlemurn
1766 4959 1891 5022 mallem,

239 5031 315 5067 serre.
334 5014 450 5072 Primus
468 5013 575 5066 nummi
591 5017 719 5070 inuentor
742 5035 798 5073 nnn
821 5021 921 5086 Plrirlo,
939 5042 1023 5095 nepus
1070 5032 1893 5109 qosepraesertiml’lteeniceeeuctoreehebet,quos1iosnenl

239 5097 408 5170 ponderum,
419 5099 468 5153 sed
479 5099 640 5154 Peleuedes·
657 5100 744 5174 Apud
758 5117 858 5162 uererer
873 5109 962 5180 primo
973 5131 1023 5181 pra
1074 5115 1173 5168 Poenos
1190 5115 1298 5180 disere,
1318 5118 1355 5170 its
1372 5119 1466 5174 Cicero
1481 5120 1529 5176 lib.
1542 5123 1571 5176 8.
1585 5124 1617 5178 ele
1633 5125 1736 5194 republ.
1753 5125 1892 5195 opuntia

239 5181 325 5248 pretia
350 5185 479 5247 materia,
502 5203 572 5254 puae
596 5191 721 5242 urrani.
746 5205 804 5244 nan
826 5193 908 5262 periit
929 5197 1023 5252 electa.
1072 5199 1164 5252 nium:
1179 5201 1269 5254 Paene
1284 5199 1376 5267 primo
1394 5207 1555 5260 mercaturis
1564 5221 1597 5258 ac
1609 5205 1740 5260 mercibus
1754 5209 1812 5266 euri
1828 5223 1893 5262 ara·

241 5265 294 5320 Seri
320 5264 395 5320 nuda
421 5266 505 5334 mole,
537 5270 579 5324 rel
596 5271 717 5339 pondere
742 5275 875 5330 mercibus
899 5291 1023 5350 aequata.
1071 5281 1160 5334 sitiam
1179 5301 1213 5338 ac
1235 5283 1465 5355 magnificentiam
1491 5297 1518 5342 et
1542 5289 1718 5352 inceptetttee
1735 5290 1894 5355 cupiditates

241 5353 343 5403 Postea
359 5349 397 5404 cd
411 5367 552 5409 mensurae
569 5355 720 5410 molestiam
744 5359 799 5413 soli
816 5361 885 5416 notu·
896 5365 1024 5432 ponderis
1072 5367 1197 5422 cranium
1214 5385 1303 5424 rernm
1322 5368 1541 5439 importunerunt
1556 5371 1586 5426 in
1601 5373 1745 5427 Graeciam
1763 5371 1813 5428 Coi
1830 5373 1892 5429 ede·

242 5432 371 5488 indicium
389 5433 553 5506 impressum.
567 5439 677 5495 Deinde
694 5461 821 5498 nummus
837 5464 875 5500 ea
893 5465 969 5514 aere,
981 5469 1025 5506 ar·
1073 5455 1186 5508 mussini
1203 5453 1333 5509 museutit
1350 5453 1511 5524 Dionysius,
1530 5475 1547 5514 e
1565 5457 1697 5514 Selmesio
1715 5460 1744 5512 in
1761 5469 1838 5515 tract.
1858 5457 1891 5512 de

238 5527 336 5585 genta,
354 5516 450 5582 carin,
468 5517 543 5584 luto,
557 5539 628 5577 euro
636 5523 752 5592 sactus,
765 5525 901 5596 etjbrma
914 5532 1023 5601 publiea
1075 5551 1152 5594 usur.
1167 5557 1195 5609 p.
1213 5555 1248 5592 nr.
1268 5537 1331 5593 128.
1350 5539 1504 5594 remetitur·

238 5615 386 5667 percussus.
408 5603 501 5656 Primi
516 5603 621 5678 signati
641 5613 746 5667 nummi
771 5615 905 5686 exempla.
925 5615 1027 5674 Graeci

295 5681 396 5754 Strylrii
415 5685 476 5740 Vol.
494 5689 545 5743 ΙΧ.
1479 5707 1514 5762 tt
