4456 6208
376 285 429 340 no
979 283 1350 344 seraranan.
1882 243 1949 368 'ipo

327 405 408 454 rum
435 379 629 476 farragine:
660 400 845 476 nunquam
870 389 967 450 certe
993 381 1032 450 in
1059 379 1275 478 perfectione
1299 408 1362 454 seu
1391 377 1589 453 meridiano
1615 401 1677 451 sno
1695 375 1997 480 deprehenditur,

329 483 398 552 nisi
425 483 463 550 in
490 481 553 567 iis,
579 482 641 576 qui
668 503 875 578 supremam
902 503 1024 551 rerum
1052 480 1407 554 administrationem
1435 493 1581 567 tenent,
1605 492 1666 550 aut
1691 480 1736 551 de
1762 484 1886 552 eadem
1915 480 1990 577 pri·

329 580 446 653 mario
479 581 708 679 participant.
742 577 818 650 Nec
854 580 1157 670 existimandum,
1185 582 1275 652 laanc
1301 582 1452 678 gloriam
1480 604 1551 650 nun
1581 581 1646 648 nisi
1673 580 1747 678 ipsa
1783 603 1994 666 armorum,

328 702 421 778 quae
446 677 586 750 stolidis
615 677 703 749 forte
729 679 882 780 alicujus
909 691 1075 751 teruntur
1101 679 1287 770 manibus,
1306 683 1521 753 tractatione
1538 679 1724 777 indipisci:
1743 681 1920 751 militares
1939 679 1998 776 (r)

330 793 366 851 et
404 779 655 877 imperatoriae
693 791 786 850 artes
819 803 890 850 raon
926 793 1008 851 sunt
1043 779 1201 852 eaedem.
1227 779 1369 852 Nexum
1399 777 1570 852 militaris
1607 792 1644 848 et
1675 777 1793 850 civilis
1827 779 1998 850 scientiae

329 879 497 952 omnium
524 875 760 976 populorum,
786 881 1023 977 onnriumque
1050 892 1209 952 aetatum
1236 883 1459 978 experientia
1493 881 1584 949 satis
1613 877 1834 976 comprobat.
1863 877 1998 948 Ronrae

331 981 394 1076 qui
420 979 567 1050 consilia
595 977 790 1074 regebant,
816 979 928 1050 iidem
954 995 990 1050 et
1018 976 1131 1066 bella,
1160 979 1328 1078 idemque
1356 981 1462 1051 bodie
1479 985 1516 1049 in
1537 978 1738 1074 Hispaniis,
1755 975 1903 1064 Galliis,
1922 980 2000 1046 imo

330 1095 367 1149 et
393 1077 488 1176 apud
514 1077 650 1148 Turcas
677 1076 899 1149 observatur.
927 1081 977 1150 Et
1002 1101 1111 1174 quem
1140 1077 1243 1150 bodie
1270 1081 1366 1151 inter
1397 1081 1551 1174 insignes
1572 1081 1665 1148 viros
1680 1075 1853 1148 celebrari
1880 1079 1998 1147 cerni·

332 1204 433 1265 mus,
462 1179 491 1245 is
516 1174 720 1246 adolescens
746 1179 865 1248 civilis
881 1178 1065 1248 doctrinae
1086 1193 1121 1248 et
1140 1179 1366 1275 eloquentiae
1388 1179 1508 1249 studio
1531 1177 1674 1250 deditus
1695 1175 1781 1264 fuit,
1800 1175 1854 1248 rel
1875 1176 1993 1273 prima

332 1289 447 1350 aetate
473 1273 653 1374 stipendia
684 1279 800 1348 merit.
828 1277 1000 1375 Adeoque
1027 1277 1144 1348 multo
1171 1278 1276 1350 latius
1301 1304 1337 1350 se
1362 1278 1525 1350 extendit
1543 1279 1773 1373 imperatoria
1801 1288 1837 1346 et
1864 1273 1996 1348 bellica

330 1379 417 1451 baec
446 1377 580 1462 virtus,
608 1397 717 1470 quarn
745 1387 785 1446 ut
811 1391 1010 1448 castrorum
1039 1379 1212 1474 angustiis
1231 1377 1454 1465 includatur,
1472 1379 1510 1448 in
1531 1379 1734 1475 principum
1753 1399 1997 1473 quoquecun·

330 1474 508 1563 clavibus,
534 1473 765 1545 consiliorum
794 1476 1038 1572 penetralibus
1063 1493 1098 1548 et
1115 1475 1363 1551 conciliabulis
1380 1477 1531 1550 habitat.
1551 1477 1661 1575 Saepe
1678 1477 1763 1548 baec
1784 1479 1901 1547 virtus
1916 1472 1997 1546 alra·

330 1601 399 1675 que
426 1601 490 1648 nsu
515 1599 701 1646 armorum
729 1577 841 1646 vincit
869 1578 1165 1676 triunrplsatque3
1194 1576 1346 1674 vigilans
1370 1593 1467 1650 certe
1486 1603 1548 1676 pro
1566 1575 1881 1648 communisalnte
1898 1577 2001 1671 pacis

331 1691 517 1776 tempore,
542 1699 612 1770 quo
637 1679 775 1744 saevius
800 1690 1005 1771 grassantur
1032 1679 1191 1776 vulpinis
1226 1677 1362 1748 artibus
1398 1677 1511 1774 togati
1545 1675 1724 1747 bellorum
1752 1675 1992 1747 incendiarii.

335 1776 542 1849 Instructus
569 1777 796 1873 imperatoria
825 1776 890 1846 lrac
917 1776 1109 1875 prudentia
1136 1776 1281 1866 Cicero,
1314 1778 1473 1850 consiliis
1505 1775 1701 1849 Catilinam
1735 1775 1793 1873 (a)
1824 1773 1997 1846 domesti-

329 1903 414 1950 cum
440 1876 580 1948 bostem
607 1875 703 1946 vicit.
730 1873 1003 1973 Rempublicam
1032 1877 1146 1949 vitam
1173 1879 1360 1966 omnium,
1386 1877 1568 1966 fortunas,
1595 1874 1915 1948 fortunatissimam
1939 1898 1999 1946 ur-

332 1977 440 2067 bem,
467 1971 648 2047 laboribus
675 1973 912 2072 periculisque
938 1978 1010 2047 suis
1031 2000 1075 2047 ex
1101 1975 1250 2048 ssarrrma
1277 1993 1385 2072 atque
1418 1975 1510 2050 ferro
1540 1989 1721 2074 ereptam,
1753 1977 2000 2048 conservavit.

336 2075 411 2150 Nec
436 2075 627 2173 quicquam
656 2070 857 2162 landabile,
884 2087 920 2144 et
945 2078 1119 2147 exinainm
1148 2075 1205 2146 laic
1231 2089 1285 2145 est
1312 2076 1380 2148 nisi
1405 2078 1450 2148 ad
1479 2101 1603 2176 pacem
1637 2089 1681 2146 ut
1712 2074 1888 2146 ultimum
1922 2099 1998 2145 sco·

335 2201 423 2276 pum
451 2175 643 2245 directum.
671 2173 765 2244 Haec
792 2173 914 2272 itaque
938 2199 1048 2271 quam
1075 2175 1224 2246 illustris
1244 2189 1280 2246 et
1305 2175 1491 2266 salutaris3
1519 2200 1585 2272 qna
1615 2199 1685 2248 raon
1716 2174 1821 2247 modo
1838 2175 1887 2254 ii,
1914 2175 1992 2271 qui-

300 2323 304 2332 ·
334 2277 401 2348 bus
428 2286 554 2346 natura
582 2296 726 2344 sensum
752 2271 871 2361 dedit,
898 2275 961 2346 sed
993 2275 1105 2346 etiam
1141 2287 1232 2346 tecta
1259 2289 1368 2373 atque
1400 2277 1473 2373 agri
1508 2275 1634 2348 laetari
1671 2275 1860 2362 videntur3
1896 2286 2000 2344 tanta

335 2399 479 2476 quoque
504 2381 573 2444 erit
601 2372 771 2444 militaris
807 2370 917 2469 gloria
945 2374 1093 2445 decoris.
1127 2373 1161 2444 Si
1195 2399 1279 2474 pace
1313 2373 1384 2446 frui
1420 2374 1602 2462 uolumus,
1626 2373 1766 2446 bellum
1800 2373 2001 2468 gerendum

333 2489 406 2560 est,
430 2477 458 2546 si
485 2471 623 2545 bellum
651 2474 882 2562 omittemus,
908 2498 993 2572 pace
1020 2497 1212 2571 nunqnam
1239 2472 1415 2550 fruemur.
1439 2473 1540 2548 Bella
1556 2475 1612 2572 (3)
1631 2474 1778 2547 interim
1798 2487 2000 2570 temperan-

334 2591 393 2648 tur
419 2573 733 2647 administratione
755 2597 941 2644 armorum
968 2586 1005 2644 et
1031 2572 1190 2644 consiliis
1217 2572 1401 2646 masculis.
1438 2574 1597 2646 Haecin
1626 2572 1733 2645 bellis
1766 2587 1802 2643 et
1841 2574 1877 2643 in
1915 2597 2004 2670 pace

335 2675 403 2748 riri
430 2672 587 2746 civiliter
613 2673 811 2768 prudentes
837 2673 996 2744 maxime
1022 2671 1090 2744 sibi
1118 2673 1322 2746 vindicant.
1344 2674 1415 2765 Qui
1441 2673 1591 2745 alteram
1628 2699 1711 2744 vero
1752 2685 1892 2770 partem
1930 2671 2000 2742 sibi

333 2789 471 2848 temere
496 2785 677 2868 arrogant,
702 2796 760 2844 eos
785 2795 868 2842 cnm
896 2771 1182 2872 philosophastro
1207 2771 1251 2844 de
1276 2775 1423 2864 castris,
1448 2774 1673 2844 exercituum
1701 2771 1835 2860 ductu,
1852 2783 1921 2843 etc.
1951 2775 1999 2840 ri·

335 2874 453 2947 dicnle
479 2872 694 2958 disserente,
721 2868 882 2945 Annibal
910 2871 967 2966 (4)
993 2871 1244 2970 repreliendit;
1271 2895 1403 2969 negans
1427 2896 1464 2944 se
1489 2895 1651 2970 unquam
1678 2870 1811 2944 vidisse
1835 2869 2006 2942 homines

335 2977 451 3072 magis
467 2971 608 3045 deliros
634 2970 711 3065 Ego
737 2973 775 3042 in
803 2973 1086 3070 praesentiarum
1114 2973 1296 3044 Minervas
1324 2974 1513 3046 incastris
1539 2971 1718 3071 stipendia
1747 2985 2000 3060 merens,non

336 3077 530 3147 immemor
555 3069 619 3144 illa
645 3068 901 3169 praeferenda,
932 3096 1023 3169 qnae
1049 3095 1215 3169 praesens
1253 3085 1394 3169 tempus
1431 3073 1544 3166 magis
1581 3073 1710 3167 exigit,
1742 3082 1923 3169 qnantum
1953 3068 2006 3140 le·

334 3175 406 3248 ctio
432 3172 614 3246 horrorum
639 3171 857 3269 scriptorum
882 3169 1155 3270 suppeditabat,
1186 3176 1226 3242 in
1253 3194 1339 3269 pace
1370 3167 1586 3244 delineanda
1620 3173 1755 3268 ingenii
1791 3171 1885 3242 vires
1925 3182 2004 3240 ten·

335 3288 413 3346 tare
443 3275 607 3362 institui3
634 3271 730 3368 quod
756 3272 966 3342 institutum
996 3293 1041 3342 ne
1075 3295 1209 3346 vanum
1240 3283 1277 3341 et
1312 3269 1552 3368 periculosum
1588 3270 1679 3343 mibi
1713 3268 1866 3358 eradat,
1896 3280 2008 3340 tuum

338 3397 453 3473 aeque
478 3373 591 3446 lector
617 3369 777 3444 favorem
805 3371 963 3471 postulo,
989 3384 1025 3443 et
1049 3374 1080 3444 si
1107 3393 1263 3469 aequum
1290 3381 1345 3458 te,
1373 3391 1445 3442 non
1474 3368 1695 3443 malevolum
1712 3367 1897 3442 ostendere
1925 3392 2005 3440 ma-

337 3475 407 3566 lis,
434 3472 614 3547 voluntati
642 3483 679 3542 et
718 3474 837 3544 aetati
856 3471 1001 3544 veniam
1033 3470 1187 3545 tribues.
1228 3470 1287 3542 Sic
1321 3466 1387 3542 ubi
1418 3473 1634 3566 cespitatum
1667 3492 1806 3542 memor
1831 3467 2004 3539 Justinia-
2045 3497 2050 3502 ·

336 3579 395 3648 nei
420 3575 475 3671 (5)
500 3571 618 3646 effati:
646 3573 684 3642 in
712 3570 813 3645 nullo
839 3595 1008 3669 peccare,
1025 3569 1195 3646 omnibus
1212 3593 1287 3643 esse
1305 3567 1660 3670 irreprehensibilem
1676 3568 1907 3661 ,divinitatis
1927 3589 2001 3640 uon

338 3674 580 3748 humanitatis
605 3693 689 3752 esse.

569 3920 592 3971 «f
613 3919 641 3974 U
655 3917 690 3970 d!
704 3915 740 3971 ds
753 3917 781 3971 Α
799 3917 824 3970 R
843 3917 906 3971 ῙἈ
1197 3915 1352 3980 erassatur.
1366 3915 1437 3988 qrioe
1449 3911 1680 3971 conventionibus
1693 3909 1762 3969 addi
1770 3913 1865 3967 solent.
1880 3921 1901 3977 ς.
1915 3915 1958 3968 t'fs

1200 4001 1341 4071 Quomodo
1353 4000 1479 4055 inducias
1490 3997 1672 4065 rumpantur?
1683 4003 1704 4058 ς.
1719 3999 1763 4049 to.

342 4081 474 4157 Tempora
487 4086 547 4141 bell·
559 4092 585 4137 0⁸
594 4084 680 4152 Ρπὺ·
692 4079 715 4154 S
729 4085 754 4135 ¹·
1200 4083 1331 4138 Indacios
1343 4101 1480 4155 puoenom
1493 4078 1643 4136 arandus?
1656 4085 1679 4144 ς.
1694 4081 1740 4132 ro.

331 4177 402 4230 ΡΝ
414 4171 551 4242 ffidlfuf·
563 4166 587 4240 §-
599 4168 625 4222 2·
1196 4167 1369 4224 induciarum
1381 4184 1456 4224 usar.
1467 4175 1490 4230 ς.
1504 4166 1549 4218 30.
1561 4163 1607 4218 31.

334 4257 543 4310 l'onrrouersr'ae
552 4251 710 4324 priuotneet
716 4249 847 4321 publicae·
863 4255 883 4312 5.
899 4249 960 4305 3.1.
1202 4251 1273 4322 Quid
1282 4251 1317 4306 sit
1329 4270 1433 4308 summo
1447 4249 1588 4317 potatos?
1605 4243 1629 4317 5.
1641 4243 1685 4296 29-

332 4339 477 4404 Formula,
490 4355 541 4405 pao
556 4333 670 4386 Romani
678 4351 774 4404 pacem
788 4333 910 4388 ineuntes
924 4335 1049 4390 urisunt.
1061 4339 1082 4398 ς.
1098 4331 1123 4382 ll.
1198 4337 1288 4388 Pam
1305 4353 1372 4404 quos
1383 4336 1471 4390 „1002
1481 4329 1612 4388 residere?
1624 4335 1646 4392 ς.
1660 4327 1705 4380 2³.
1717 4339 1787 4395 sopp.

337 4422 479 4475 Induviae·
494 4426 516 4482 l·
529 4417 553 4470 θ·
1199 4422 1231 4472 In
1243 4421 1356 4487 irnperio
1371 4419 1403 4473 n.
1415 4432 1498 4486 penes
1510 4417 1634 4484 r'urperot.
1644 4413 1667 4479 ς.
1682 4409 1726 4462 37.
1739 4409 1790 4461 38.

332 4503 499 4557 Armltfflt'd·
511 4510 531 4564 i·
545 4503 572 4553 ’1.
585 4501 611 4553 8.
622 4502 647 4554 9.
855 4568 858 4572 ,
1200 4503 1269 4560 eum
1282 4500 1377 4571 quibas
1388 4497 1605 4569 poasucisndo?
1617 4495 1638 4563 ς
1652 4495 1696 4547 33.

339 4588 395 4657 Qui
404 4588 552 4640 concedant
564 4585 687 4640 inducias
697 4586 712 4640 P
724 4592 746 4649 ς.
760 4587 801 4637 10.
1201 4577 1309 4639 Bettasr
1315 4585 1429 4658 justum.
1442 4593 1464 4648 ς.
1478 4585 1523 4636 30.

332 4669 463 4724 ludariae
474 4667 654 4738 definiantur.
663 4667 688 4739 5.
701 4671 747 4723 11.
1201 4666 1308 4724 Bellum
1318 4667 1536 4724 denunciandum
1550 4673 1599 4721 ert:
1615 4665 1639 4730 §.
1654 4663 1705 4716 31..

333 4751 471 4820 Hodierni
482 4750 706 4806 dacesmorrdotr‘o
714 4751 890 4804 instruuntur
897 4751 1063 4820 plerumque.
1073 4748 1095 4821 §.
1107 4749 1150 4802 ta.
1203 4757 1259 4808 Per
1271 4754 1417 4808 heraldum.
1428 4751 1451 4824 ᾗ,
1466 4752 1511 4804 33.

336 4838 566 4903 reperissemus
582 4836 754 4905 odlr'gonmr,
767 4837 793 4887 si
804 4843 904 4889 contro
927 4837 1057 4889 inundato
1075 4835 1154 4888 duces
1206 4839 1262 4906 Qui
1284 4856 1341 4892 noa
1365 4834 1620 4896 denunciaverunt,
1644 4825 1793 4898 protodorm
1823 4827 2022 4885 censebantur.

364 4919 487 4991 ficiunt.
500 4929 520 4985 §.
535 4923 579 4973 13.
1239 4921 1262 4987 §.
1276 4921 1321 4974 33.

339 5007 518 5064 induciarum
534 5004 677 5060 consentio
695 5014 816 5055 summos
822 5000 951 5071 potestati
962 4997 1153 5055 adscribendo.
1205 5005 1288 5060 Fides
1301 5005 1367 5060 duro
1379 4999 1521 5058 remando.
1535 5007 1556 5063 ς.
1570 4997 1614 5050 dl.

377 5097 399 5152 i·
410 5089 452 5143 Η·
1205 5091 1277 5144 Post
1288 5087 1430 5144 victoriam
1440 5087 1516 5156 pacr'e
1525 5083 1597 5138 totio
1610 5080 1708 5136 sarim.
1719 5087 1740 5143 ς.
1757 5079 1800 5133 dli·

340 5173 495 5230 lfmllflfdl'·
506 5180 526 5236 f·
542 5174 585 5226 lll-
1207 5173 1250 5228 H.
1262 5191 1283 5226 o
1294 5173 1438 5228 dromidas
1451 5171 1586 5225 dicuntur.
1598 5173 1619 5229 §.
1632 5166 1676 5218 33.

340 5260 419 5313 Nouo
431 5257 599 5312 munimento
611 5254 752 5310 limitanea
766 5253 1009 5326 oedificarefircile
1026 5274 1083 5313 non
1099 5270 1160 5327 per·
1213 5257 1376 5324 Triumphus
1387 5254 1496 5328 parando
1511 5249 1701 5315 concessus&
1720 5249 1765 5301 37.

379 5341 501 5394 mnsam.
512 5335 537 5410 8
549 5339 594 5392 1⁶·
1214 5342 1286 5398 Victi
1297 5345 1325 5397 ia
1335 5351 1495 5414 potestatem
1507 5333 1614 5390 uictoris
1623 5333 1702 5406 piene
1717 5330 1833 5390 ueniant·
1846 5333 1869 5392 ς.
1884 5327 1932 5381 38.

378 5512 418 5581 (1)
437 5508 495 5564 lto.
508 5511 525 5566 l.
539 5509 581 5564 23.
595 5529 617 5565 c.
631 5513 675 5564 ta.
1241 5510 1282 5581 (l)
1299 5512 1331 5564 Ζ.
1346 5512 1371 5562 1.
1383 5525 1408 5562 o.
1421 5506 1454 5562 de
1466 5501 1542 5577 qffie.
1555 5507 1648 5568 vicari.

382 5595 426 5666 (2)
446 5595 500 5650 Cic.
515 5607 586 5651 orot.
598 5595 627 5650 in
644 5595 724 5651 cartt.
737 5595 763 5648 2.
774 5604 800 5648 et
812 5595 837 5648 3.
1240 5593 1280 5665 (ll)
1298 5593 1328 5647 l.
1342 5593 1366 5644 Ξ.
1379 5609 1401 5648 o·
1415 5591 1447 5647 de
1461 5601 1515 5645 vet.
1525 5589 1583 5662 juri
1592 5589 1684 5649 enrrrl'.

380 5677 422 5751 (³)
439 5679 496 5736 Cir.
507 5681 581 5737 Pttt
593 5683 619 5733 7.
