4374 6216
230 361 269 415 w
586 363 634 418 DE
649 361 912 422 altstatcottutl
931 362 1195 424 tttrsttt’ltsrtvt
1215 363 1363 420 ttttnlw
1380 379 1441 422 aro.
1752 365 1788 418 ⁷0

166 453 469 525 sart-secdudicatur·
482 455 577 514 Antan
600 463 698 516 blattis.
712 465 746 518 de
761 465 828 516 crim
841 466 871 516 irs
881 463 986 536 proleg.
1036 476 1087 516 non
1106 461 1159 518 sint
1177 464 1204 515 hi
1223 463 1334 524 addicti,
1351 465 1424 530 justa
1444 457 1559 528 Quintili
1578 458 1640 514 inst.
1658 471 1733 514 orat.
1752 462 1798 516 lid.
1815 461 1842 515 7.
1862 463 1896 516 tt

117 539 153 592 st
170 553 193 590 c.
208 541 234 590 t.
246 559 274 592 rr.
288 539 332 592 tt.
343 542 414 594 eard.
426 542 599 610 excipiendae
611 563 658 599 cas
667 563 802 616 perronae.
817 548 912 602 iustas:
924 563 983 600 cou-
1032 563 1055 598 ι.
1074 545 1100 597 4.
1118 563 1192 602 uerr-
1209 549 1281 601 eirca
1297 547 1410 616 propria
1428 556 1453 598 et
1474 545 1639 600 Varronem.
1657 546 1683 598 6.
1708 547 1741 597 de
1758 546 1842 616 lengo.

173 631 279 676 tractus
291 626 369 679 locati
381 627 522 693 conducti,
542 647 574 684 ex
587 648 637 698 qtto
655 631 803 684 notoncurt
822 632 889 684 liber
908 632 986 684 bomo
1035 628 1113 685 latia.
1132 633 1210 684 vard-
1227 632 1296 684 liber
1313 632 1360 698 qni
1375 646 1474 697 operor
1496 645 1563 682 snas
1587 627 1616 680 ia
1639 629 1771 681 ceretrore
1791 645 1844 698 pre

116 708 152 761 88
172 703 217 756 bio
232 715 344 772 tenatur,
362 709 412 762 ista
424 728 477 764 uon
492 713 570 781 capit.
584 715 746 783 Responsum
769 715 851 780 habe,
871 731 919 769 nee
937 717 987 768 boc
1033 714 1157 781 pecunia,
1175 734 1257 784 quom
1276 714 1396 775 dedebat,
1414 714 1478 769 dnm
1495 714 1624 778 solveret,
1639 721 1767 778 praestat.
1785 712 1844 764 lmc
1863 711 1896 764 tt

169 798 317 845 contractus
329 791 415 858 babet,
427 793 499 862 qnod
509 795 632 850 ἀοιιίιιι
643 814 675 848 ex
687 799 783 852 damno
803 801 870 853 serti
887 799 984 868 obliga·
1036 799 1119 852 multo
1137 799 1232 865 justius
1249 815 1341 868 operas
1358 814 1417 850 suas
1435 795 1587 848 addicerem
1602 794 1779 848 creditoribus
1790 795 1846 859 alii,

169 882 221 938 tar,
234 883 261 929 et
271 887 357 930 tamen
372 887 482 942 teneturt
494 881 536 932 lex
549 891 695 935 contractos
707 885 795 936 saltem
806 883 923 936 madium
937 895 986 950 eat,
1008 875 1015 934 Ι
1036 889 1065 934 ut
1083 879 1177 934 lamam
1196 883 1291 946 etiam,
1310 899 1387 951 quem
1415 883 1545 934 malitiose
1562 878 1736 952 decoquentes
1755 880 1848 949 prode·

170 969 222 1022 quc
235 955 263 1008 in
276 956 444 1028 disciplinam
458 960 626 1016 domesticam
641 965 719 1018 intrat
736 981 834 1030 sertus,
853 977 880 1018 et
900 967 929 1018 in
947 971 988 1034 joa
1009 939 1015 1020 l
1037 971 1140 1030 gerunt,
1150 972 1277 1033 quantum
1298 963 1325 1015 in
1345 963 1421 1032 ipsis,
1435 963 1588 1026 liberarent,
1601 962 1643 1012 rel
1655 977 1687 1012 ex
1699 970 1773 1032 parte
1786 978 1848 1014 coo·

171 1038 382 1109 patriotamtttas,
394 1045 464 1115 quod
478 1049 653 1102 correctione,
667 1051 731 1102 talne
745 1053 893 1105 manant„
905 1056 987 1106 mma.
1009 1023 1015 1084 Ι
1037 1045 1194 1110 solarentur,
1212 1063 1290 1114 qoam
1309 1055 1338 1098 ot
1353 1056 1398 1096 aut
1415 1045 1561 1098 latrociniis
1579 1041 1723 1108 sedarent,
1737 1053 1781 1096 aut
1795 1059 1849 1096 non

114 1139 151 1191 39
171 1132 211 1176 2⁸⁸
229 1125 317 1191 habete
328 1123 376 1182 nec
387 1149 455 1199 opas
465 1139 506 1184 eat
520 1133 547 1185 in
565 1135 738 1188 contrahendo
750 1137 800 1188 iata
812 1137 987 1206 capranicae,
1008 1087 1015 1210 Ι
1038 1128 1148 1183 bunede
1166 1133 1229 1184 satis
1248 1133 1348 1200 negotio
1361 1129 1509 1198 deceptioni
1524 1131 1686 1182 incautorum
1700 1125 1848 1190 bominum,

169 1206 296 1274 timiam
307 1210 396 1263 omnis
408 1213 472 1266 brec
482 1213 625 1268 domestico
635 1219 687 1285 jori
706 1220 864 1271 naturaliter
881 1219 986 1279 insonte
1039 1214 1077 1276 rol
1097 1216 1201 1284 saepius
1220 1215 1469 1284 rerumpublicarum
1489 1214 1668 1282 invigilarent,
1688 1213 1726 1266 rel
1744 1209 1848 1263 mendi·

166 1306 236 1359 qnae
247 1307 300 1344 noo
314 1294 396 1362 magis
408 1297 524 1364 exprimi
534 1299 640 1365 debent,
651 1319 728 1370 quam
742 1305 836 1356 evictio
849 1315 983 1374 praestan·
1036 1298 1114 1352 ritate
1131 1301 1285 1368 publicum,
1307 1311 1350 1352 sut
1371 1299 1439 1352 circs
1456 1307 1600 1368 grararcnt.
1619 1296 1697 1348 Certe
1719 1306 1759 1349 tot
1770 1311 1850 1348 xenn-

170 1373 205 1424 da
217 1375 319 1428 ratione
332 1377 476 1446 emptionis
490 1392 517 1432 et
531 1383 701 1438 venditionis.
713 1403 768 1455 arg.
782 1389 802 1440 ι.
816 1393 858 1441 tt,
878 1398 900 1452 ς,
920 1393 986 1459 1,sp
1036 1379 1139 1434 docbiia
1156 1384 1185 1436 io
1207 1382 1305 1452 publici
1332 1383 1424 1449 iugem
1441 1381 1642 1444 detrimentum,
1663 1396 1711 1432 nec
1730 1391 1768 1432 tot
1785 1377 1849 1450 pati·

170 1456 204 1509 de
216 1458 316 1512 aetiam
326 1465 550 1527 emptetuendit.
563 1467 632 1520 rard.
644 1488 698 1539 qno
713 1473 875 1527 naturaliter
886 1477 986 1530 imm,
1036 1465 1105 1518 bulis
1124 1466 1257 1536 indigeret
1275 1467 1430 1536 respublica,
1450 1467 1481 1531 si,
1498 1466 1544 1534 qui
1558 1465 1674 1518 familiae
1686 1463 1794 1518 alendae
1805 1483 1850 1534 pa·

30 1551 37 1565 '
112 1566 149 1618 ω
169 1537 189 1590 4.
201 1541 266 1593 dc.
278 1543 312 1597 de
326 1547 401 1596 erict.
420 1547 512 1615 Urges:
527 1549 554 1604 in
568 1550 685 1604 liberum
705 1553 840 1608 hominem
855 1557 925 1610 nibil
943 1559 983 1610 in·
1035 1564 1077 1600 res
1095 1567 1148 1602 non
1167 1562 1240 1614 sunt,
1261 1550 1298 1603 rel
1320 1551 1445 1602 omuibus
1462 1551 1540 1602 bouis
1565 1559 1711 1614 exuuntur,
1735 1548 1848 1602 aliorum

112 1654 147 1706 Μ
169 1623 651 1700 iurinsnrulicererrespundeo:non
671 1636 897 1704 estinjuriosnm,
915 1641 984 1709 qnod
1034 1635 1147 1692 territiis
1164 1633 1379 1687 concederentur.
1394 1634 1511 1703 Dignum
1537 1633 1705 1702 Tryphonini
1729 1634 1786 1688 leti
1811 1651 1847 1686 as·

167 1709 387 1776 aparrctamiltns
400 1716 573 1768 correctionis
585 1719 675 1772 animo
688 1718 783 1774 tactum
806 1739 862 1775 esce
879 1743 985 1794 praeon-
1034 1731 1130 1770 scrineo
1149 1718 1205 1771 etro
1223 1717 1255 1768 de
1274 1717 1379 1787 pnbtloo
1398 1716 1561 1770 benemerito
1579 1727 1637 1782 eet,
1656 1717 1685 1769 in
1711 1719 1793 1770 t.31.
1818 1719 1848 1771 ic

166 1793 270 1858 mitur,
284 1797 363 1852 modo
381 1797 449 1854 intra
461 1799 621 1854 domesticae
644 1803 836 1857 emendationis
858 1809 985 1863 terminos
1027 1799 1082 1868 fic·
1098 1817 1139 1869 pr.
1148 1798 1190 1866 ff.
1207 1802 1334 1868 depositi:
1348 1800 1416 1852 male
1431 1799 1543 1856 meritas
1554 1799 1669 1870 publice,
1681 1810 1711 1852 ιι
1722 1802 1846 1872 ιιιιιιρὶι

167 1874 331 1944 substiterit,
349 1895 409 1948 arg.
429 1884 535 1946 saepius
547 1885 574 1936 d.
591 1885 608 1936 l.
620 1901 667 1936 ren.
687 1902 712 1937 c·
732 1885 766 1938 de
778 1889 910 1942 emendat.
921 1906 982 1955 pro.
1034 1883 1097 1934 aliis
1114 1887 1149 1936 od
1166 1883 1328 1938 deterrenda
1345 1881 1483 1952 maleficio
1500 1887 1552 1946 cit,
1576 1884 1659 1936 etiam
1677 1893 1791 1952 egestate
1809 1884 1847 1935 la·

110 1981 147 2035 42
164 1956 360 2028 proamitae
374 1966 459 2032 magis
471 1966 584 2032 injuriae
597 1984 657 2020 reos
668 1965 714 2021 fist
726 1969 857 2035 dominns,
878 1976 917 2025 vel
938 1993 983 2044 pa.
1035 1968 1135 2022 durare
1153 1968 1243 2032 debete
1263 1967 1325 2020 inde
1343 1980 1428 2020 tameo
1448 1965 1615 2018 inferendum
1629 1983 1681 2018 non
1694 1977 1742 2031 est,
1753 1984 1784 2018 ex
1798 1985 1832 2036 pu
1864 1977 1900 2030 53

167 2043 326 2100 urlamiliaa
337 2046 372 2100 nb
384 2047 544 2104 moderatam
557 2051 765 2118 castigationem,
780 2064 890 2122 propter
907 2059 983 2110 indo·
1033 2050 1102 2104 blico
1119 2061 1258 2120 propterea
1276 2051 1304 2102 ci
1322 2050 1412 2102 deberi
1438 2051 1629 2117 eleemosynas.
1653 2049 1688 2101 Et
1716 2068 1807 2120 parum
1832 2069 1848 2103 a

166 2125 221 2182 lem
235 2127 390 2185 domesticae
404 2131 579 2199 disciplinae,
600 2149 677 2202 quam
699 2137 820 2204 magister
839 2137 946 2194 artificii
965 2143 982 2196 l,
1032 2135 1213 2187 misericordia
1233 2134 1420 2204 intempestiva
1437 2151 1482 2187 eos
1499 2133 1591 2184 abesse
1608 2133 1696 2198 credo,
1715 2135 1769 2203 qui,
1789 2153 1847 2190 mn·

167 2211 193 2262 d.
208 2212 396 2282 §.affudi
417 2216 501 2286 aquil.
516 2217 559 2270 Ob
576 2233 711 2272 unarum
733 2230 819 2274 tamen
838 2225 981 2280 maritata
1033 2221 1105 2272 neris
1125 2217 1164 2274 tel
1181 2217 1267 2272 officii
1285 2221 1328 2272 aui
1346 2219 1450 2270 ratione
1467 2216 1592 2270 omnibus
1618 2215 1697 2270 adse
1718 2217 1847 2272 senienti-

164 2313 225 2350 sum
238 2297 475 2354 animadvertetur.
493 2300 546 2354 Nec
560 2302 580 2354 l.
598 2321 646 2358 nra.
664 2320 688 2356 c.
712 2305 744 2360 de
764 2310 896 2360 amandae.
915 2327 982 2364 nero,
1032 2303 1080 2356 bus
1098 2301 1312 2356 mendicantibus
1337 2303 1432 2370 stipem
1460 2300 1603 2368 colligendi
1630 2300 1778 2370 promiscue
1804 2317 1845 2354 cc·
1864 2314 1899 2366 55

109 2397 148 2452 pp
167 2379 200 2433 da
212 2381 296 2434 serris
308 2398 353 2436 atu
366 2385 518 2453 mancipiis,
537 2387 614 2440 unice
625 2387 776 2454 disponere,
790 2393 836 2444 aed
853 2404 981 2460 quantum
1032 2387 1102 2455 piam
1123 2387 1273 2440 concedunt·
1291 2385 1445 2453 Attigerunt
1462 2383 1522 2449 hoc,
1541 2395 1567 2436 ct
1587 2385 1782 2436 interdixerunt
1793 2386 1847 2452 jam

168 2464 201 2514 ad
214 2468 408 2536 castigationem
424 2469 554 2524 modicam
565 2471 598 2526 ad
613 2471 710 2526 liberae
722 2474 885 2528 conditionis
902 2479 983 2530 mini·
1032 2481 1087 2524 tum
1106 2471 1190 2540 impp¹
1208 2470 1364 2532 Gratianus·
1383 2469 1517 2524 Vfllffliiss·
1535 2478 1561 2520 ‘i
1580 2467 1708 2520 Th⁰⁰d⁰b
1729 2467 1756 2519 5¹¹
1769 2469 1786 2520 4-
1800 2488 1847 2522 tm·

164 2549 320 2604 druentiam
334 2553 467 2619 pertinere
485 2563 609 2619 autumer
624 2556 690 2610 seret
704 2557 775 2610 enim
795 2575 891 2612 nomm
909 2561 983 2614 hicce
1031 2573 1055 2610 c.
1071 2557 1106 2610 de
1124 2555 1317 2610 mendicandi.
1335 2552 1422 2606 ualid.
1447 2563 1476 2605 ut
1503 2553 1531 2606 in
1554 2554 1598 2606 tali
1618 2563 1683 2607 statu
1702 2551 1848 2621 deprehen·
1918 2614 1922 2622 Ι

168 2646 310 2687 commune
321 2645 385 2698 erat,
397 2638 503 2704 ejusque
517 2636 655 2694 decidendi
669 2640 736 2692 ratio
747 2641 783 2694 iia
796 2659 848 2695 nnn
862 2643 983 2698 inconte-
1033 2655 1092 2704 sus,
1111 2658 1159 2710 pro
1177 2641 1281 2692 ratione
1299 2639 1464 2691 conditionis
1484 2654 1559 2702 snae,
1580 2637 1619 2692 rel
1637 2654 1723 2690 serrus
1742 2639 1782 2690 acl
1806 2654 1848 2690 con

112 2721 148 2774 ll
170 2715 880 2796 niens.bleaingularembieessenecredatquisgai
899 2738 983 2784 aneto.
1030 2723 1107 2776 locrus
1126 2719 1432 2791 efficeretun3quamris
1451 2739 1517 2774 nou.
1538 2722 1573 2770 8⁰
1602 2738 1625 2773 c.
1651 2719 1676 2772 ὅ.
1694 2719 1779 2772 dictae
1797 2720 1845 2793 legi
1865 2723 1901 2776 lt't

167 2801 290 2856 sitatibus
303 2805 479 2874 magis‚quam
492 2806 639 2860 rationibus
653 2807 703 2860 niti
717 2808 818 2872 vellem,
832 2827 883 2864 noo
897 2814 982 2868 mino·
1032 2807 1155 2876 derogare
1174 2807 1309 2872 rideatur,
1327 2809 1394 2860 baud
1414 2817 1499 2860 tamen
1519 2805 1546 2856 in
1562 2804 1695 2873 publicum
1716 2812 1786 2864 tum,
1805 2801 1847 2855 uti

110 2892 147 2945 lit
167 2901 210 2938 res
222 2903 330 2942 numero
341 2905 421 2956 meas,
434 2906 510 2957 quam
519 2889 639 2946 adrerssa
651 2904 924 2963 seqamenturpartea.
933 2901 984 2952 va.
1031 2887 1110 2944 bodie
1128 2907 1180 2944 uon
1198 2907 1258 2948 raro
1276 2887 1318 2954 iit,
1331 2889 1538 2942 mendicantium
1551 2887 1693 2941 solidorum
1705 2902 1782 2939 onera
1799 2887 1845 2938 de·

167 2983 226 3020 rom
239 2987 273 3022 nc
286 2971 387 3038 longius
398 2971 512 3025 abeam
527 2976 678 3043 proposito,
692 2978 761 3046 qnod
777 2989 896 3049 tempora
912 2997 983 3036 aaut.
1031 2974 1217 3037 rolrebautur,
1245 2975 1289 3030 aed
1308 2975 1339 3026 ad
1359 2991 1452 3044 operas
1471 2971 1604 3042 publicas,
1623 2991 1646 3025 ι.
1671 2988 1696 3039 p.
1714 2972 1842 3024 culturam

110 3067 116 3076 ·
164 3053 263 3105 uentis
274 3053 465 3108 christianismi
485 3056 542 3111 aine
558 3057 731 3114 distinctione
747 3080 839 3116 omnes
854 3068 982 3120 serrosli-
1032 3058 1167 3114 boricium
1187 3059 1385 3113 adhibebwwl·
1411 3059 1476 3110 ⁸⁰⁰¹
1500 3059 1528 3108 ¹¹¹
1546 3074 1603 3108 “m
1629 3072 1685 3108 ΝΜ
1706 3054 1844 3122 ᾹῑΙΕῑΙἸῙῦῑ
1864 3057 1899 3110 5⁸

163 3132 287 3188 berctum
302 3134 390 3202 irent,
411 3147 438 3190 et
454 3148 546 3207 postea
565 3155 613 3194 usu
635 3145 743 3212 privatis
768 3150 896 3218 mancipia
915 3155 985 3205 alere
1032 3143 1110 3196 “aba
1127 3144 1161 3196 sd
1185 3143 1356 3198 Vr'ncerrtiam
1369 3139 1546 3196 Dorsastitorr
1560 3148 1585 3193 et
1597 3139 1755 3208 rogatistam
1768 3137 1845 3204 epist.

166 3232 221 3272 non
238 3219 360 3282 licuerit,
379 3237 411 3273 ex
425 3221 614 3292 intempestiua
639 3227 819 3285 misericordia
837 3232 982 3303 prolectant
1034 3227 1078 3280 48.
1100 3228 1199 3284 Utilius
1210 3228 1341 3284 esurienti
1350 3229 1431 3297 panis
1444 3225 1558 3288 tollitur,
1569 3225 1593 3276 ri
1612 3225 1644 3278 de
1660 3225 1719 3276 cibo
1738 3238 1846 3278 securus

110 3303 146 3356 46
165 3310 205 3356 2⁵¹
229 3304 304 3358 Jutifl
316 3304 387 3356 euim
402 3306 431 3357 in
446 3323 555 3377 poetam
575 3310 642 3366 scrrt
656 3322 745 3376 erant,
762 3331 827 3383 quos
846 3319 983 3372 latrocinia
1027 3311 1164 3382 iustitiam
1187 3314 1312 3382 negligat,
1330 3329 1411 3382 prtem
1425 3308 1555 3364 esurienti
1560 3309 1710 3378 frangitur
1719 3308 1802 3378 ponis,
1816 3314 1846 3358 ut

163 3385 560 3456 ipsaotbncmotneodattberc
578 3395 982 3468 rircrenootndntpebant,rct
1031 3394 1177 3466 lfljuiit'il'sse
1193 3396 1316 3450 ‘edwini
1335 3393 1498 3464 acquirim-
1522 3393 1577 3444 vid·
1602 3409 1665 3446 ΜΒ·
1684 3393 1708 3442 2
1726 3406 1797 3444 ΜΝ·
1817 3389 1843 3442 3·

165 3472 257 3522 reniae
269 3469 510 3544 facilitascoutagio
531 3473 667 3532 inficiebat
680 3479 754 3532 elios·
773 3497 796 3532 c.
817 3493 856 3533 ert
872 3483 981 3559 injusta.
1030 3496 1056 3546 ᾳ.
1074 3478 1098 3532 d.
1118 3479 1228 3547 Saepius
1246 3479 1323 3533 etiam
1341 3476 1548 3530 mendicantium
1571 3475 1661 3527 talium
1681 3474 1773 3526 cohors
1787 3474 1841 3542 glo·
1861 3478 1897 3530 59

164 3572 189 3607 c·
203 3555 248 3604 23·
263 3565 365 3622 qnoest.
380 3555 404 3608 4.
415 3555 493 3610 Neine
506 3560 631 3628 putabant
646 3561 674 3614 in
691 3564 815 3618 seruitute
828 3581 900 3630 ease,
917 3584 982 3636 quos
1034 3563 1095 3617 burn
1115 3565 1270 3618 miserorum
1287 3565 1441 3630 liberorum,
1462 3560 1514 3614 sibi
1532 3561 1562 3612 in
1575 3570 1689 3628 egestate
1701 3557 1840 3625 similium,

165 3638 290 3692 Christus
307 3642 432 3710 sunguine
447 3657 493 3696 suo
506 3644 668 3708 redemerat,
677 3655 704 3699 et
714 3647 891 3702 abominabile
904 3667 982 3722 repu·
1032 3656 1089 3713 post
1106 3663 1134 3698 ae
1152 3645 1263 3712 babent,
1282 3654 1309 3698 ct
1327 3645 1451 3716 publico,
1469 3645 1510 3698 rel
1530 3645 1691 3714 privatorum
1711 3643 1842 3712 singulis,

109 3733 146 3785 47
167 3723 270 3790 tabant,
282 3725 350 3793 quod
372 3725 466 3780 iratres
478 3727 506 3777 in
520 3725 626 3783 Christo
650 3727 702 3780 sibi
724 3730 838 3784 invicem
856 3743 945 3785 esseut
968 3752 981 3785 a
1032 3745 1084 3782 non
1103 3744 1180 3799 parto
1196 3728 1271 3782 oneri
1289 3740 1359 3783 sunt.
1377 3730 1455 3799 Quod
1473 3729 1495 3783 si
1515 3729 1682 3796 magistratus
1694 3725 1798 3780 rideant
1809 3726 1844 3780 la·
1861 3725 1898 3779 dd

167 3807 316 3876 mancipiis.
324 3825 412 3876 arg-c.
426 3811 491 3860 1..·ι.
499 3809 531 3862 de
543 3809 665 3865 Judaeis.
675 3811 726 3865 Sed
739 3824 919 3882 argumentum
932 3815 981 3870 hoo
1030 3812 1088 3866 buri
1106 3813 1165 3868 illoa
1183 3815 1237 3881 jam
1255 3831 1312 3866 esse
1330 3824 1417 3884 aptos,
1437 3811 1588 3884 neutiquam
1616 3809 1795 3864 misericordis
1815 3810 1844 3862 in

166 3909 213 3944 eoa
224 3893 324 3956 liberat,
336 3893 382 3964 qui
396 3892 527 3962 sinejusta
542 3897 645 3950 ratione
657 3899 685 3950 in
697 3897 846 3952 seruitutem
855 3913 927 3954 erant
939 3917 980 3954 re·
1031 3907 1132 3954 uotam
1151 3900 1252 3954 morari
1270 3898 1412 3964 deberent,
1431 3906 1460 3952 ut
1477 3895 1632 3968 parentibus
1649 3913 1693 3948 cos
1713 3896 1845 3963 relinqua-

109 3982 146 4034 48
167 3975 255 4037 decli,
269 3992 321 4028 non
333 3977 378 4046 qui
392 3994 450 4030 eam
466 3978 574 4048 legeint
591 3989 666 4048 pacto
691 3979 839 4034 induerant.
857 3982 981 4036 Grsriter
1029 3991 1097 4048 rente
1117 3982 1161 4036 ted
1178 3980 1314 4036 auferrent
1333 3983 1422 4054 potius
1441 3997 1494 4044 ens,
1511 3991 1535 4036 et
1552 3980 1584 4034 ad
1604 3979 1729 4030 honestas
1753 3996 1844 4048 operas

162 4058 277 4125 apostoli
293 4059 466 4124 inculcabant,
480 4077 512 4113 oe
527 4071 662 4129 praetextu
677 4062 837 4118 christianae
850 4066 980 4124 libertatis
1030 4081 1078 4133 pto
1097 4063 1184 4117 indole
1202 4067 1326 4132 cujusque
1344 4073 1537 4128 concertarent,
1555 4079 1584 4114 ac
1603 4059 1769 4113 conrcuieuti
1783 4077 1841 4112 mn·

162 4137 192 4190 in
207 4157 292 4194 serros
305 4143 346 4211 jus
360 4142 475 4194 dominis
495 4145 661 4213 eriperetur,
687 4159 711 4202 et
730 4149 837 4204 ecclesia
852 4152 918 4204 male
934 4171 979 4206 au·
1028 4145 1061 4198 do
1079 4146 1112 4198 de
1128 4149 1263 4201 alimentis
1281 4147 1317 4198 iis
1335 4147 1525 4216 prospicerent:
1546 4153 1574 4196 ut
1593 4145 1687 4199 rictum
1712 4143 1765 4195 sibi
1784 4160 1844 4214 pro-

163 4222 244 4275 diret.
259 4227 283 4275 1.
299 4225 337 4278 cd
353 4226 478 4281 Coriatlr.
497 4228 520 4279 7.
537 4226 576 4282 ad
591 4229 694 4295 Epiros.
713 4232 740 4283 θ.
761 4234 786 4284 1.
805 4236 842 4288 ad
866 4236 933 4288 Tim.
952 4239 979 4290 il.
1028 4245 1193 4288 mererentur
1208 4231 1419 4304 quodammodo,
1443 4233 1488 4300 qui
1507 4230 1608 4283 inertia
1625 4247 1672 4282 sna
1690 4240 1750 4282 ante
1768 4245 1846 4283 exsu-

106 4313 144 4364 49
164 4308 188 4357 1·
205 4309 279 4360 Petr.
294 4308 319 4357 2
338 4309 410 4362 Deus
434 4309 489 4380 ipse
512 4311 540 4364 in
561 4311 712 4381 judaeornm
738 4315 837 4385 republ.
857 4318 980 4374 israelitis
1028 4327 1123 4372 xerunt
1140 4333 1233 4372 uersos
1251 4316 1358 4378 alienos,
1377 4324 1403 4366 et
1421 4313 1512 4368 aelidis
1532 4312 1641 4366 lacertis
1665 4311 1781 4380 ignarise
1799 4329 1842 4364 ar-

161 4391 978 4469 concedcbatlratresadsexenuiumhuberemanoipiaAEecd.
1028 4413 1080 4456 tem
1098 4403 1145 4453 illo
1166 4400 1217 4456 ritu
1235 4408 1296 4453 sunt
1314 4397 1437 4470 proiecti.
1464 4397 1537 4452 Deus
1568 4398 1625 4467 ipre
1651 4397 1680 4450 in
1707 4396 1840 4468 republica
1857 4397 1892 4448 ot

106 4481 143 4532 dd
161 4475 206 4526 21·
221 4477 369 4530 Dentcrcn.
385 4478 427 4528 tc.
440 4479 524 4547 Quum
542 4490 631 4534 notatu
646 4484 786 4536 incurrant
805 4484 893 4554 itaqua
913 4487 977 4538 Pau·
1027 4486 1205 4539 israelitarum
1224 4483 1325 4546 vetuit,
1358 4499 1391 4534 ue
1411 4481 1545 4536 mendicus
1565 4483 1722 4552 reperiretur
1747 4483 1777 4532 in
1795 4497 1840 4550 po·

159 4560 384 4630 liunsepiscopns
396 4559 492 4626 Nolae,
507 4563 551 4634 qui
566 4564 656 4618 omnia
671 4583 731 4631 sna,
752 4577 779 4620 st
803 4569 908 4621 tandem
927 4569 976 4622 aci·
1027 4569 1097 4639 pulo,
1118 4569 1199 4622 Dent.
1213 4567 1256 4618 lli.
1275 4589 1298 4626 n.
1316 4564 1340 4618 4.
1359 4565 1426 4636 quod
1445 4564 1524 4618 dubio
1544 4567 1636 4634 procul
1652 4565 1842 4620 ordinationem

160 4663 238 4715 psum
253 4643 375 4696 barbaris
388 4649 519 4710 tendens,
534 4649 645 4718 pretium
662 4643 809 4704 liberiodis
826 4652 910 4706 serris
928 4653 977 4706 im·
1027 4651 1162 4722 politicam
1179 4651 1237 4717 eius
1255 4649 1312 4706 aeri
1330 4650 1453 4720 respexit
1472 4652 1620 4706 Undarum
1633 4664 1749 4722 tempore
1763 4650 1841 4706 Clari-
1859 4643 1896 4698 0²

160 4725 267 4796 pendit?
284 4729 362 4782 Teste
375 4729 533 4786 Bcdiuolil.
548 4733 617 4786 l.dc
628 4733 732 4800 repuli·
754 4751 778 4787 c.
793 4733 818 4786 5.
835 4733 869 4786 Et
884 4736 977 4791 Paulus
1028 4737 1063 4789 sti
1080 4745 1118 4790 tot
1143 4733 1259 4789 mendici
1284 4735 1467 4804 reperirentur
1491 4735 1563 4802 juxte
1589 4735 1658 4800 rias,
1683 4737 1841 4808 corruptelae

157 4812 206 4864 tv.
219 4829 269 4880 pro
281 4811 404 4864 omnibus
420 4811 581 4868 Americanis
593 4816 752 4882 conterreat
765 4817 914 4871 seruitutem
930 4820 974 4872 da·
1027 4819 1139 4892 reipubl.
1158 4819 1283 4872 tribuitur
1302 4835 1316 4869 ι
1336 4819 1478 4874 ilaranelln
1495 4817 1523 4872 iu
1536 4819 1703 4874 Bibliotheca
1727 4838 1779 4876 aaa
1795 4836 1840 4876 aa·

158 4895 258 4946 renatis
273 4896 467 4959 intercedebrt,
484 4909 511 4949 et
532 4899 702 4968 cupientibus
721 4899 793 4952 bulla
810 4902 930 4954 restituit
946 4903 976 4955 li·
1025 4919 1071 4958 cra
1089 4902 1224 4956 cocntuto
1243 4901 1410 4958 mendicitas·
1432 4902 1599 4958 scbcnborn.
1620 4903 1665 4957 lib.
1684 4905 1709 4958 3.
1722 4903 1798 4971 polit.
1815 4923 1840 4960 c.

157 4976 294 5030 bertatem.
310 4977 394 5033 Boter.
413 4981 432 5033 l.
455 4981 480 5032 4.
498 4983 691 5054 Cosmoprapli.
705 4987 804 5038 Vercor
820 4985 924 5054 itaque,
941 5004 975 5040 ne
1025 4988 1068 5039 15.
1086 4987 1123 5040 Ut
1139 5003 1199 5041 rcro
1217 4983 1250 5038 sd
1268 4985 1405 5040 seruitutis
1430 5002 1505 5038 naum
1532 4985 1680 5052 promiscue
1705 4987 1836 5040 sublatum
1855 4979 1891 5033 ⁶³

103 5073 137 5123 Μ
157 5059 370 5114 miscricordiam
382 5081 486 5134 qrtoque
499 5064 706 5138 intempestivam
724 5067 809 5121 adbuc
824 5069 973 5136 incurrant,
1024 5068 1138 5134 redeam
1148 5067 1347 5136 intempestiuae
1360 5066 1556 5124 misericordiae
1569 5069 1618 5122 ista
1638 5068 1762 5122 debemus
1774 5089 1838 5139 quo-

157 5145 203 5212 qni
217 5147 288 5198 nulla
302 5147 403 5200 ratione
416 5164 503 5200 sartos
516 5148 592 5204 ctiam
608 5151 635 5204 in
648 5166 758 5220 porum
780 5149 911 5206 moderate
928 5153 972 5206 ha·
1022 5170 1081 5223 que,
1099 5151 1169 5222 quod
1188 5149 1221 5204 ad
1238 5167 1348 5221 opernm
1367 5151 1534 5220 antiquorum
1555 5147 1783 5222 magnificentiam
1797 5170 1840 5222 po

152 5225 254 5280 hendor
270 5229 379 5298 priratis
394 5229 546 5298 indulgent,
558 5241 584 5287 et
602 5250 634 5286 eo
646 5232 778 5303 publicum
792 5252 845 5289 non
860 5235 912 5289 leri
929 5236 973 5288 da·
1023 5237 1134 5288 ateriora
1152 5235 1237 5288 amula
1255 5251 1306 5288 non
1321 5235 1498 5303 pervenerint.
1513 5234 1681 5306 Perspicuum
1696 5235 1752 5303 ejus
1766 5234 1836 5288 testi·
1856 5224 1892 5277 64

8 5331 9 5338 ’
100 5322 138 5375 52
155 5331 217 5366 runo
229 5311 360 5368 atfiotnot.
380 5316 408 5367 st
423 5315 508 5370 adhuc
523 5317 650 5372 malitiosi
676 5317 805 5372 bonorum
829 5318 972 5376 decoctores
1023 5319 1140 5374 monium
1159 5317 1279 5388 perhibet
1296 5317 1461 5388 Busbeqnius
1480 5317 1555 5386 epist.
1585 5330 1651 5371 tara·
1678 5318 1705 5368 3.
1738 5319 1839 5376 Tarona

153 5398 284 5452 creditori
297 5400 325 5450 iu
339 5399 491 5454 servitutem
512 5401 671 5457 moderatam
689 5405 746 5471 jure
764 5403 968 5472 addicerentur,
1023 5399 1156 5464 maxima,
1175 5417 1228 5468 pua
1245 5399 1362 5468 publice,
1381 5419 1435 5470 qua
1452 5399 1594 5471 priuatim,
1613 5419 1628 5454 e
1646 5399 1755 5454 cerrino
1767 5421 1840 5456 emo·

150 5491 191 5537 tct
202 5483 432 5552 bancaeruptnrum
446 5498 471 5538 et
483 5485 649 5540 decoctorum
670 5485 831 5542 seriesbaud
852 5505 970 5542 numera·
1023 5483 1143 5539 lumenta
1160 5482 1278 5552 copiunt.
1297 5484 1364 5536 ilem
1377 5481 1555 5551 familiarem
1580 5498 1725 5539 servorum
1752 5503 1837 5556 opera

152 5573 243 5631 retur,
265 5575 293 5617 et
310 5563 470 5631 creditores,
489 5568 533 5638 qui
553 5569 656 5640 saepius
681 5571 829 5642 improvide
847 5580 873 5623 at
891 5571 969 5626 mise·
1020 5570 1163 5638 praeclare
1182 5578 1300 5632 tuenturt
1316 5567 1365 5620 sed
1380 5578 1406 5620 et
1422 5567 1525 5634 publice
1541 5566 1566 5620 ri
1583 5567 1649 5639 quid
1660 5569 1835 5635 molt'endurn,

105 5699 109 5709 ,
151 5649 266 5702 ricerdis
287 5651 353 5702 moti
373 5647 502 5717 ejusmodi
522 5649 631 5706 furfuris
659 5653 811 5707 hominibus
836 5670 970 5708 succurra.
1021 5650 1247 5719 transsi’rendam,
1266 5647 1471 5717 eruderandum,
1489 5662 1538 5705 ortt
1557 5651 1731 5708 minuendum
1747 5654 1790 5718 ait,
1804 5653 1836 5705 id

151 5743 232 5803 ruut,
253 5749 302 5788 auo
322 5730 453 5790 beneficio
472 5753 523 5793 nco
542 5737 670 5808 perirent,
688 5740 752 5793 licet
770 5739 879 5811 proprie
903 5738 968 5796 terri
1021 5753 1164 5792 ceruorum
1183 5751 1264 5807 opera
1283 5745 1308 5791 et
1326 5733 1479 5792 assiduitate
1498 5747 1705 5810 consequantur.
1726 5737 1783 5792 Nor
1802 5753 1833 5790 o·
