4374 6216
375 277 411 332 93
947 277 1138 334 ntsrtttt‘r.
1155 273 1189 333 ll.
1209 275 1326 334 cetur
1344 281 1389 338 tt.
1930 281 1966 337 in

330 375 371 443 jus
389 370 493 443 sliqnorl
512 375 658 427 uniuersale
676 390 726 426 nost
747 370 882 426 insertur.
899 372 930 428 Et
948 374 977 428 itt
995 375 1145 428 universum
1205 376 1305 430 senner
1317 377 1378 428 lieet
1392 373 1454 432 helli
1469 374 1619 430 stratoribus
1633 373 1712 432 irasci
1726 373 1869 448 potuisset.
1893 379 1967 432 renis
1985 387 2018 432 tt·

268 441 303 496 Η
321 473 435 512 estense
454 459 567 524 suillam,
588 457 640 511 nisi
661 458 758 511 bellum
780 467 899 526 gerentes
912 458 961 510 hou
975 458 1141 528 indulgerent
1200 476 1259 512 men
1275 462 1333 513 rista
1347 471 1386 514 est
1399 460 1529 513 erunibus.
1542 462 1626 530 Saepe
1637 459 1737 512 utilitas
1758 458 1823 529 ipsis
1834 459 1903 528 agris
1913 461 2018 516 etaatt·
2033 446 2068 503 Ν

324 554 428 614 sponte,
447 561 499 596 non
518 553 602 598 tutum
620 558 678 596 esse
695 541 792 596 aioiuis
810 544 851 595 rel
871 542 931 595 aliis
951 542 1078 612 populis,
1098 542 1143 594 ho·
1198 541 1270 597 liciis
1282 545 1394 596 hostium
1408 561 1513 614 pereere
1525 545 1606 612 jubet,
1621 544 1725 614 saepius
1738 543 1943 612 misericornia,
1965 561 2018 598 nso·

269 618 305 674 45
323 628 409 683 stibna
426 627 538 680 aliorum
557 625 760 679 subministrare
779 626 904 679 alimenta
921 663 927 678 .
951 623 1053 678 lnlesto
1069 627 1141 678 eolat
1195 627 1296 682 alentio
1307 632 1380 682 enisu
1397 629 1424 680 io
1439 630 1575 681 serranrlis
1587 627 1667 682 rebus
1680 627 1794 680 hostiurn
1808 646 1893 698 ,quae
1917 629 2017 684 bellurn
2059 617 2064 630 ⁸

325 729 377 766 non
398 719 482 780 potest
501 727 553 762 oon
574 725 630 762 esse
646 709 748 772 attieno,
764 711 809 780 qui
829 710 931 764 hostem
950 718 1074 762 armatura
1101 710 1143 760 ln·
1197 727 1248 762 nou
1264 724 1472 776 morantur,nou
1488 730 1547 766 rsro
1556 729 1677 782 magnum
1692 711 1759 764 hosti
1776 712 1856 765 telon
1870 713 1959 783 eripit,
1973 713 2018 766 tle·

323 796 412 858 struit,
430 805 455 846 ut
474 792 590 846 animum
611 792 733 845 hostilem
753 793 896 858 continuet,
910 804 935 848 et
946 802 1035 862 augeat
1057 792 1144 846 robur.
1195 797 1384 862 sperationem.
1399 796 1458 848 Noa
1474 795 1656 866 infrequenter
1669 795 1728 848 ileo
1741 795 1818 849 rebus
1839 796 2017 866 metendum,

269 891 305 945 13
326 879 498 947 Distinguere
515 877 583 928 alios
603 893 644 928 me
664 893 715 929 non
735 876 802 946 logie
827 895 861 931 sn
887 895 982 944 arms,
1000 897 1033 933 so
1052 894 1093 932 res
1110 879 1142 932 ad
1201 877 1271 946 quosl
1285 879 1395 932 uictores
1408 895 1451 932 eas
1463 885 1606 950 possessuri
1622 880 1683 933 sint·
1701 878 1848 932 Alexander
1863 899 1897 932 nr.
1918 881 2018 934 milites
2033 875 2070 928 65

323 965 480 1032 voluptatem
500 959 657 1024 lusitantes,
677 977 710 1013 sn
731 959 812 1012 matti
839 964 943 1032 generis
967 980 1066 1016 meroes
1085 979 1145 1016 aee·
1197 963 1733 1036 interpopntrttonrnstrrprohtbatt:
1752 965 2017 1033 nonperdenduea,

270 1035 306 1088 ⁴7
324 1048 427 1108 huntur,
447 1045 491 1097 sed
512 1043 656 1113 posteriore
675 1043 726 1098 ‹luo
745 1063 850 1114 genera,
865 1049 886 1098 si
905 1049 971 1100 alter
989 1047 1020 1098 sel
1042 1047 1144 1098 hostem
1196 1043 1345 1112 effabatur,
1356 1067 1423 1119 puae
1435 1050 1586 1120 possessuri
1597 1059 1741 1102 uenerant.
1758 1047 1881 1102 Greriter
1901 1049 1933 1102 de
1950 1063 2018 1104 rete·
2034 1039 2069 1094 0⁶

327 1129 466 1182 transferri
486 1128 563 1193 nolit,
582 1145 634 1180 non
655 1128 743 1180 ruinas
763 1131 879 1200 periculo
900 1140 958 1182 sunt
984 1129 1144 1196 sulseheuti,
1198 1129 1272 1182 ribus
1286 1130 1372 1186 Gallis
1386 1133 1475 1188 Lirius
1490 1134 1671 1206 pronuntiate
1692 1134 1831 1202 placuerat
1850 1136 2018 1207 principibus

276 1244 311 1298 ⁴3
328 1232 404 1284 quam
425 1231 464 1278 ea,
483 1229 548 1281 quae
566 1223 627 1264 sunt
648 1211 747 1281 prioris
766 1215 887 1281 generis.
906 1213 993 1265 Habet
1018 1228 1146 1266 conruer-
1202 1213 1348 1269 Gallorum
1361 1218 1809 1279 nonomniauanaremuritrcta,
1830 1230 1859 1272 ut
1874 1222 2018 1288 paradeum·

330 1299 431 1350 riorum
451 1295 557 1347 libertas
575 1296 690 1366 sliq'uero
711 1305 884 1361 praetextum,
904 1294 947 1348 sed
965 1305 994 1347 ut
1015 1295 1076 1347 belli
1090 1297 1146 1363 jure
1199 1315 1249 1365 pue
1265 1301 1502 1366 strpererrrturiis,
1515 1302 1649 1372 idpirnue
1668 1301 1874 1371 adflectemlos
1899 1305 2018 1358 hortium

324 1381 432 1433 alterius
449 1378 568 1431 excludat
589 1395 640 1431 oon
660 1375 772 1442 sallia-it,
791 1380 836 1447 qui
857 1381 931 1449 ettlps
951 1396 995 1432 sus
1020 1379 1085 1430 tnibi
1105 1378 1148 1430 ‹ls-
1199 1383 1307 1434 sns'mas
1319 1384 1457 1447 haberem,
1469 1386 1609 1440 elementia
1621 1403 1669 1456 per
1684 1402 1711 1438 se
1725 1385 1883 1456 iraageutlis
1894 1399 1921 1440 et
1932 1391 2020 1442 eonci-

324 1481 416 1522 maura
438 1461 506 1528 lut,
526 1461 553 1514 id
573 1462 700 1515 resarcire
718 1475 825 1527 tenetur,
839 1474 865 1517 et
878 1464 909 1514 ael
924 1463 1012 1515 damni
1028 1462 1081 1516 rlati
1093 1481 1148 1516 nsa-
1196 1463 1404 1520 liaualissaioais
1418 1479 1474 1539 spts
1502 1479 1551 1523 est.
1575 1469 1659 1539 Saepe
1679 1468 1763 1538 putlor
1781 1482 1927 1539 quoquest
1951 1471 2020 1526 launa

323 1550 386 1601 doro
406 1564 448 1601 ros
465 1547 522 1614 ejus
540 1561 641 1617 quoque
655 1549 711 1616 capt
727 1555 845 1616 possunt,
857 1547 901 1617 qui
915 1545 1067 1600 adtentione
1081 1561 1147 1597 mer·
1197 1560 1279 1614 relat,
1296 1569 1361 1620 quae
1372 1555 1413 1621 jos
1427 1553 1563 1623 indulget.
1577 1554 1702 1625 luemque
1722 1555 1796 1606 Plato
1811 1554 1876 1606 olim
1897 1555 2018 1608 innuisse
2036 1538 2073 1590 ⁰⁷

323 1633 393 1684 eiuro
414 1630 441 1682 itl
462 1629 528 1682 milti
548 1639 666 1682 causatus
684 1639 737 1693 est;
758 1632 890 1700 sapienter
911 1629 997 1699 rorgoi
1029 1629 1147 1681 nominis
1197 1630 1363 1697 lertur‚eunt
1378 1634 1460 1688 nteit:
1480 1655 1516 1689 ne
1530 1636 1656 1691 interiret
1667 1638 1929 1707 genestonensia.
1944 1641 2020 1694 Deus

324 1714 437 1768 Grotius
455 1713 483 1766 d.
494 1714 540 1767 lib.
561 1715 586 1766 3.
597 1730 621 1766 c.
636 1715 660 1765 1.
675 1733 702 1764 ιι.
719 1713 744 1764 5.
758 1710 782 1783 S
797 1715 821 1766 3.
846 1713 874 1766 in
896 1711 944 1786 fin.
966 1713 1145 1782 pronunciatr
1196 1711 1269 1766 dedit
1280 1714 1437 1770 hominibus
1445 1717 1582 1788 justitium
1597 1735 1631 1774 ac
1641 1719 1781 1785 puriorem,
1797 1731 1963 1776 ornamenta
1980 1723 2020 1775 ci·

319 1799 345 1850 si
364 1796 564 1851 evidentissime
584 1796 666 1851 bostis
685 1798 736 1848 mei
757 1799 785 1850 in
806 1815 847 1849 nte
877 1797 1011 1865 injustitie
1037 1797 1094 1859 ait,
1120 1806 1146 1850 el
1197 1799 1567 1862 enatam,etatianrieitiam
1592 1803 2021 1876 colligendamvincula-Siuju·
2037 1787 2076 1840 ⁰⁸

322 1883 388 1934 alter
405 1898 465 1934 eum
483 1882 512 1930 in
532 1880 600 1932 bello
620 1881 790 1950 iniquissimo
806 1876 960 1949 confirmet,
974 1897 1026 1932 nou
1046 1889 1145 1934 tantum
1196 1893 1239 1936 sta
1252 1884 1315 1937 illotl
1330 1887 1445 1940 Seneeae
1458 1887 1492 1940 de
1506 1891 1549 1943 ira
1562 1889 1609 1940 tit.
1625 1890 1649 1940 ³.
1663 1905 1685 1941 e.
1700 1887 1744 1942 il.
1757 1891 1877 1946 Puerum
1891 1901 1964 1945 uetus
1974 1911 2021 1944 ee·

325 1965 441 2018 uiriliter
461 1967 494 2019 ne
513 1965 609 2018 dsmno
626 1965 767 2028 tenebitur,
786 1965 832 2018 sat
851 1966 932 2018 etiarn
954 1964 1147 2028 criminaliter,
1196 1980 1284 2036 earet,
1292 1970 1450 2039 firminum
1464 1990 1554 2027 sexus.
1575 1972 1615 2026 Ex
1633 1974 1723 2026 ulan
1745 1973 1802 2028 t'ere
1815 1977 1919 2030 ratione
1930 1989 2020 2045 gentes
2038 1953 2078 2005 ⁶9

323 2049 401 2103 Siculi
422 2048 457 2112 il,
475 2048 521 2118 qui
542 2049 622 2114 judici
643 2047 796 2100 imminenii
818 2064 891 2100 reum
908 2045 1079 2100 manifsslillm
1093 2047 1148 2098 Hi·
1198 2055 1352 2110 momiom
1365 2057 1453 2128 ippum
1472 2058 1534 2110 bem
1558 2061 1597 2124 im
1619 2075 1751 2112 ,nmmum
1774 2071 1976 2128 ‘'mpppflunp,
1995 2071 2021 2114 ep

274 2175 308 2227 ὅθ
327 2131 394 2195 mlt;
413 2129 512 2184 uetant
530 2132 580 2182 huc
599 2147 718 2182 conones
741 2127 917 2200 significauit.
945 2131 989 2179 1¹·
1012 2139 1039 2181 tl
1062 2145 1086 2181 ο·
1108 2126 1148 2181 ita
1198 2153 1231 2192 ne
1242 2155 1339 2192 reueno
1353 2139 1502 2195 interlicere
1516 2141 1618 2196 hostem
1633 2142 1734 2207 liceret,
1758 2157 2020 2196 consensuromtuu·

325 2215 515 2286 quorumdam.
528 2216 556 2268 6.
568 2235 598 2267 re.
614 2216 638 2268 d.
646 2215 764 2287 judaeis.
778 2215 823 2266 uhi
842 2215 869 2264 in
888 2230 982 2283 penere
998 2229 1148 2265 excomm·
1199 2221 1241 2273 uis
1253 2224 1379 2278 utilitatis
1392 2225 1594 2294 prohibuerunt,
1608 2226 1764 2295 praesertim
1786 2241 1877 2294 regum
1898 2235 1926 2280 et
1946 2227 2023 2297 pria·

326 2297 455 2364 nirantur,
473 2300 518 2369 qui
535 2299 673 2353 Saracenis
693 2315 813 2362 merces,
832 2299 870 2350 rel
891 2299 955 2350 allas
974 2315 1016 2352 res
1034 2307 1149 2367 exporte-
1196 2305 1286 2374 ripum
1300 2324 1370 2373 rur..
1383 2326 1493 2379 quorum
1517 2309 1597 2362 ,firm
1612 2310 1646 2361 ,b
1658 2309 1741 2361 ,mir
1761 2309 1925 2380 „spanum
1946 2328 2022 2363 m„

324 2381 1149 2452 rlmi-llltfflul’lr‘lli(3⁸¹'ss22831101123ll112¹¹0¹¹lhll⁵0⁰¹⁶¹²¹t⁸⁸·
1199 2390 1492 2446 antealiosrleleudere
1510 2409 1558 2462 par
1584 2405 1639 2446 este
1655 2409 1670 2444 s
1689 2409 1789 2445 veneno
1815 2405 1901 2446 tamen
1917 2393 2022 2460 miuus,
2040 2381 2081 2432 7⁰

271 2455 305 2509 Μ
328 2477 368 2518 ill,
385 2467 540 2531 tllttleruul,
556 2465 777 2536 lelilhgillelliel
795 2464 937 2536 flllqllmlio
955 2476 1088 2536 etpel'llllil
1111 2464 1150 2514 ίὶΰ
1199 2491 1277 2543 qum
1290 2475 1465 2528 alimmum
1474 2492 1533 2529 em
1547 2484 1645 2546 polest,
1659 2474 1712 2529 ῃὴί
1727 2473 1884 2529 defendam
1897 2476 1964 2543 juri·
1975 2479 2022 2529 pli.

272 2561 308 2614 52
328 2550 478 2605 Demetrius
503 2567 561 2604 conr
590 2551 702 2603 Atticam
733 2560 833 2604 teneret
862 2549 998 2613 exercitu,
1024 2557 1052 2600 et
1077 2547 1149 2600 ostis
1199 2573 1248 2626 qua
1261 2557 1403 2627 religione,
1416 2562 1456 2612 rel
1470 2557 1599 2614 iolaroiae
1613 2570 1694 2614 metu.
1707 2559 1805 2614 Verum
1827 2571 1854 2614 ut
1873 2561 2021 2616 rulesmsrl
2041 2559 2077 2610 'll

326 2634 451 2704 tlmedum
472 2633 580 2688 iflf‘ml
598 2633 760 2688 ffflffl‘lllum
782 2633 920 2700 ¹¹⁰⁶l⁵¹³¹¹⁸s
947 2632 1102 2700 mistim
1125 2641 1149 2683 θ*
1201 2641 1423 2707 misericordium,
1440 2642 1478 2696 sle
1494 2659 1602 2712 parcere
1620 2643 1728 2713 quidem
1751 2643 1873 2712 personis
1893 2653 1921 2698 st
1944 2643 2044 2698 rebut'

327 2719 528 2787 Sub‘l'mm‘m
548 2719 701 2788 ⁸¹¹⁵P⁰¹¹¹¹5²²
722 2717 749 2768 5⁰
768 2723 868 2769 “mum
883 2715 1084 2784 5⁰¹⁸¹¹¹Pe⁸¹il¹⁰
1099 2711 1149 2764 ¹²¹³·
1199 2724 1312 2780 hostiurn
1327 2728 1463 2791 contenit,
1481 2741 1515 2778 ne
1532 2727 1590 2796 ipse
1607 2727 1738 2797 pareeuclo
1759 2724 1883 2780 damnum
1905 2728 2023 2780 incurras

331 2799 490 2856 Stfioefdile
507 2811 671 2870 Pl'flfllssillm
693 2802 806 2865 infreni,
826 2799 914 2852 boile!
932 2799 1037 2851 lliefill!
1056 2800 1135 2850 merei
1198 2811 1291 2875 victor·
1304 2822 1328 2864 ιι
1340 2809 1478 2863 victorium
1495 2808 1561 2862 {nde
1572 2808 1678 2862 dubim
1692 2809 1876 2879 flonbequiflp
1888 2809 1957 2877 quod
1981 2809 2024 2862 in.

274 2912 310 2964 33
330 2886 377 2940 hos
396 2888 436 2944 rel
453 2888 590 2940 elimentis
606 2883 743 2955 iurantes!
766 2885 882 2937 Proinde
901 2885 1019 2952 trullum
1044 2883 1103 2950 iure
1120 2882 1148 2934 5⁰
1202 2901 1239 2945 ter
1259 2894 1310 2946 alia
1334 2894 1538 2962 intempestiue
1558 2893 1756 2946 misericordiae
1776 2893 1936 2946 deberetur.
1959 2894 1989 2948 ei
2008 2912 2022 2945 a
2041 2917 2083 2968 ῃ

329 2971 398 3026 bello
416 2972 510 3026 victuri
531 2971 558 3022 in
573 2970 676 3024 hoslsm
690 2973 788 3024 siolum
801 2969 906 3040 quldtlt
920 2969 992 3028 lieet,
1004 2984 1062 3019 0⁰⁰¹
1076 2965 1147 3018 ‘ssim
1163 3013 1166 3018 -
1198 2977 1276 3030 caerle
1286 2977 1424 3030 bominum
1438 2978 1565 3031 siclorum
1579 2976 1663 3030 rictus
1684 2975 1712 3027 io
1729 2974 1786 3028 acie
1805 2993 1833 3029 se
1853 2977 2022 3040 abstineret,

328 3056 361 3109 tle
380 3057 481 3123 junilii·
504 3056 566 3108 belli
587 3055 659 3108 iulet·
678 3063 797 3124 pilleum
823 3051 942 3119 jullletrfl
963 3045 1077 3103 dtlfiuile
1095 3065 1147 3101 ttott
1199 3073 1221 3113 ep
1235 3063 1315 3114 violo,
1334 3061 1395 3113 ,luci
1409 3061 1542 3124 redderet,
1561 3074 1620 3112 cum
1633 3059 1735 3113 'idem
1750 3077 1829 3114 nom
1843 3058 1905 3114 inde
1919 3059 1964 3113 ὶςιί
1982 3075 2023 3111 ⁸0·

330 3142 408 3196 rootlo
428 3143 480 3210 sit,
499 3139 545 3195 sesl
564 3157 598 3194 ue
616 3140 674 3210 ipso
691 3139 756 3191 belli
776 3138 847 3190 oleos
867 3134 1015 3206 implicuit
1033 3149 1147 3202 'nceptr
1198 3144 1290 3197 cellere
1308 3145 1387 3209 sires,
1406 3160 1493 3196 nonos
1511 3142 1550 3195 sic
1568 3140 1699 3195 sartonam
1720 3142 1773 3196 lobi
1792 3143 1901 3209 sineret,
1925 3152 1952 3197 et
1972 3143 2023 3197 sei-

328 3227 484 3282 murstinres
503 3227 583 3279 etiarn
602 3233 693 3295 gentes
712 3223 806 3276 uictori
825 3222 853 3274 io
872 3220 968 3274 rictum
982 3217 1093 3270 liberum
1107 3215 1147 3270 in·
1198 3243 1272 3296 prum
1292 3226 1365 3279 darre
1383 3223 1579 3296 prreeipitam?
1597 3225 1626 3278 st
1646 3225 1746 3296 segeti,
1765 3225 1923 3293 frumento,
1943 3231 2022 3281 tectis

329 3309 468 3364 elulseruut
484 3309 645 3373 arbitrium,
665 3307 693 3360 la
713 3323 864 3377 personata,
884 3307 914 3358 in
933 3319 974 3358 tet
989 3339 997 3366 ,
1015 3303 1044 3355 itt
1062 3301 1149 3364 bontr
1199 3311 1313 3364 hostium
1332 3319 1467 3381 pererret,
1496 3325 1531 3362 oe
1549 3308 1659 3362 hostiles
1677 3310 1748 3364 eires
1767 3310 1796 3364 iu
1814 3309 1935 3379 ingentes
1953 3311 2022 3362 esla-

278 3411 312 3466 Μ
331 3401 358 3446 ²¹
377 3401 444 3445 ¹⁶⁰¹¹
462 3395 526 3460 ‘lib
544 3390 603 3446 ΝΜ
622 3408 721 3457 'mle
740 3407 793 3444 ¹¹⁰⁰
812 3390 908 3444 'emi’
926 3388 1016 3459 Pilum
1033 3402 1064 3438 ²⁰
1091 3387 1149 3454 im
1199 3397 1305 3450 unitates
1322 3397 1564 3466 protruderentur,
1583 3411 1641 3446 curu
1662 3393 1731 3448 hosti
1753 3404 1838 3446 tamen
1865 3412 1928 3448 oors
1953 3411 2022 3448 eruo

330 3475 440 3529 habetur
458 3474 543 3540 ratio,
562 3476 714 3530 innoeentes
734 3473 773 3525 ibi
793 3490 821 3526 ae
841 3471 914 3524 noxii
932 3473 1007 3540 justa
1031 3469 1130 3520 eadunt
1143 3505 1152 3520 .,
1200 3481 1316 3532 tumr.
1335 3477 1397 3532 intr
1414 3486 1616 3540 accerserentur,
1635 3485 1662 3527 et
1679 3474 1743 3527 belli
1763 3472 1921 3538 lomentumr
1937 3494 2025 3532 nonne

329 3559 436 3611 Tacitus
452 3559 498 3612 ttt.
518 3563 545 3611 l.
562 3559 654 3612 annal.
673 3557 718 3610 Sic
737 3557 834 3610 Seneca
852 3557 882 3608 in
907 3550 1048 3623 tragoedia
1065 3553 1148 3606 Troa-
1199 3561 1314 3616 immin,
1333 3579 1393 3631 erg,
1412 3577 1480 3626 ωας,
1502 3559 1581 3611 mitta
1600 3558 1628 3612 in
1647 3557 1736 3612 horres
1753 3555 1876 3612 audirer?
1896 3559 1941 3614 Aer
1960 3579 2020 3614 rum
2042 3555 2081 3606 *ll

277 3669 313 3722 53
329 3643 413 3698 ditor.
431 3643 623 3716 Quodcumque
642 3642 720 3695 libuit
734 3641 836 3712 ficere
860 3638 960 3692 uictori
985 3639 1066 3690 licet.
1094 3636 1150 3688 lruo
1199 3663 1292 3715 ,apr-r,
1310 3645 1435 3696 immina
1454 3658 1606 3713 percurrere
1625 3639 1727 3695 hortere
1745 3640 1877 3707 arridere,
1891 3646 2024 3714 jurem.

333 3729 458 3797 quonium
477 3728 562 3780 boelis
581 3742 654 3778 tuero
671 3727 742 3792 im,
763 3734 791 3776 ¹¹!
808 3720 995 3784 ῡῦθῑῦθῐθῑῦῑι
1017 3738 1032 3769 ¹
1050 3717 1150 3770 '³⁶¹⁰‘ss
1200 3729 1266 3780 tium
1285 3725 1324 3782 las
1344 3742 1401 3781 esse
1419 3742 1583 3792 assererem,
1603 3741 1666 3778 uuor
1689 3723 1872 3778 misericordis
1892 3743 2025 3796 pereusso-

336 3810 443 3875 meruit,
463 3827 515 3862 oon
535 3811 685 3870 interesset,
702 3808 792 3874 gladio
811 3825 844 3857 an
863 3822 965 3858 reoeoo
985 3802 1152 3856 interimere·
1200 3829 1256 3864 rem
1276 3820 1384 3881 rrptum
1402 3827 1514 3870 serrare,
1531 3826 1579 3862 nee
1597 3808 1696 3878 capitis
1714 3826 1800 3879 poena
1819 3811 1914 3880 punire
1932 3827 2024 3880 sogge-

332 3903 396 3960 tur‚
414 3911 447 3949 an
467 3911 619 3964 pereussore
636 3892 779 3954 immisso,
798 3891 845 3960 qui
865 3887 930 3942 l'ttlti
957 3889 1061 3942 viuculo
1084 3887 1150 3940 oeci·
1200 3893 1259 3948 rit?
1276 3893 1368 3948 Nullus
1386 3892 1414 3946 id
1432 3892 1547 3962 opinor:
1567 3892 1631 3945 duro
1652 3893 1724 3945 euim
1744 3893 1772 3946 iu
1792 3894 1895 3949 bostem
1914 3896 2021 3965 quidris
2041 3908 2083 3958 ¹15

334 3976 418 4030 deuslo
436 3978 508 4032 busti
526 3993 580 4030 uon
598 3988 667 4029 esset
683 3973 850 4028 obstrictus.
875 3973 1000 4043 Quamvis
1018 3973 1088 4024 cuim
1108 3989 1150 4041 ge·
1200 3980 1264 4031 licet
1282 3977 1399 4048 gentious
1417 3978 1484 4042 iure,
1504 3991 1552 4030 cur
1570 3977 1599 4028 iu
1625 3991 1805 4044 percussorem
1833 3981 1886 4046 jana
1916 3989 2021 4048 raptuns

335 4062 453 4116 oerosios
472 4064 524 4124 sit,
545 4059 665 4114 oceitlere
684 4076 754 4124 eura,
772 4057 818 4128 qui
837 4057 879 4110 sui
899 4053 1059 4107 alelentleutli
1076 4053 1153 4106 habet
1203 4059 1292 4114 otinas
1309 4057 1454 4112 statueres?
1471 4067 1498 4110 et
1516 4059 1570 4121 sic,
1590 4056 1637 4127 qui
1655 4058 1734 4111 talem
1755 4071 1880 4123 serrant,
1900 4065 2024 4134 exemplo

331 4145 446 4214 copiam,
463 4143 518 4213 juri
535 4153 624 4204 ‚tanen
643 4161 731 4204 mero,
750 4139 885 4196 oceideotli
905 4139 1018 4204 deditas,
1037 4136 1152 4189 oihilllt
1202 4159 1296 4198 nocere
1313 4143 1398 4196 solent
1415 4142 1485 4207 eliis,
1504 4153 1530 4196 st
1549 4141 1663 4194 inritare
1676 4142 1764 4211 plures
1783 4144 1816 4196 sd
1834 4145 1903 4198 idern
1923 4147 2023 4202 soien-

280 4251 316 4303 37
333 4227 446 4283 aleeetlit.
464 4233 575 4282 Hostem
591 4228 692 4298 quippe
706 4223 1016 4285 occidereubiaislicet,
1029 4239 1081 4274 oon
1093 4238 1152 4289 geo·
1202 4223 1276 4278 dunt.
1293 4223 1481 4293 Exploratores
1499 4223 1582 4278 etiarn
1593 4235 1685 4278 eontra
1703 4227 1824 4296 gentium
1839 4232 1880 4296 jus
1896 4247 1949 4284 non
1964 4249 2025 4302 pec·
2044 4260 2084 4310 ιω

335 4315 401 4368 tiotu
428 4325 553 4379 tautum,
573 4313 619 4366 setl
637 4322 745 4366 naturae
764 4324 866 4378 qouque
883 4310 961 4376 jure;
981 4323 1028 4359 nec
1054 4302 1152 4368 refert,
1202 4316 1279 4374 contr
1299 4306 1421 4360 sedeam
1439 4324 1485 4361 eos
1501 4319 1592 4378 captos
1611 4309 1698 4366 bostis
1723 4322 1824 4376 retest,
1849 4315 2025 4384 plerumque,

333 4405 398 4464 quot
416 4397 484 4461 sint,
502 4396 542 4448 rel
563 4394 676 4458 laniant,
696 4403 741 4447 sut
761 4391 915 4462 patiantur.
936 4389 982 4442 Sir
1001 4387 1037 4456 Q.
1056 4387 1154 4440 Mutius
1203 4398 1233 4439 ot
1250 4390 1372 4458 exemplo
1390 4388 1595 4454 deterreantur,
1622 4389 1776 4446 durioribus
1802 4396 2026 4462 eonditienibos,

335 4480 456 4534 Scaevola
475 4491 596 4534 moutarn
616 4496 689 4534 suum
708 4477 859 4533 exeussbatt
872 4474 957 4526 hostis
969 4475 1072 4529 laertem
1085 4475 1154 4527 oeci·
1203 4487 1280 4538 quam
1300 4471 1384 4524 hostis
1402 4471 1475 4532 alias,
1495 4471 1586 4526 haberi
1607 4475 1710 4542 solent,
1729 4476 1802 4542 iuste
1823 4476 1938 4550 Appiani
1950 4481 2026 4534 illud:

337 4562 399 4616 dere
417 4565 511 4618 uolui.
528 4565 563 4616 Et
583 4563 690 4616 Plinius
708 4561 754 4615 lib.
772 4563 798 4613 8.
816 4557 920 4630 epistol.
942 4558 979 4610 uel
1003 4555 1151 4627 Rufinum:
1203 4571 1262 4606 mos
1279 4565 1318 4608 est
1333 4556 1524 4626 exploratores
1542 4557 1711 4628 interficere.
1737 4559 1899 4628 Caeterum,
1916 4565 2023 4634 quando
2043 4579 2085 4629 Π

282 4675 318 4727 59
335 4643 458 4714 decipere
476 4664 525 4717 pro
544 4647 661 4702 moribus
680 4655 827 4716 temporum
842 4643 1041 4712 prolentisest.
1054 4644 1151 4694 Verum
1202 4639 1268 4691 ciris
1286 4641 1324 4694 tel
1342 4641 1483 4706 subditus,
1503 4642 1542 4694 rel
1562 4643 1642 4694 etism
1663 4645 1739 4697 utiles
1758 4664 1811 4700 ooo
1836 4649 1922 4716 passus
1940 4649 2025 4704 hosti·

282 4749 319 4799 pp
337 4731 414 4783 sicuti
433 4731 537 4799 injure
556 4731 630 4783 cirili
642 4731 743 4801 prinu
761 4728 832 4780 eliud
852 4731 892 4796 jos
911 4728 1005 4794 rigor,
1022 4723 1092 4776 aliual
1111 4741 1153 4779 ae·
1203 4723 1255 4776 lent
1276 4725 1389 4796 militem
1407 4723 1632 4794 deprehenderet,
1651 4727 1690 4783 rel
1708 4731 1869 4786 occasionem
1891 4735 2026 4788 oaneisee-

337 4816 424 4880 quites
435 4814 522 4883 parit:
536 4819 575 4868 sic
586 4819 629 4884 jus
642 4815 760 4884 gentinus
777 4816 804 4864 in
818 4814 886 4865 bellu
910 4811 979 4864 irlem
1000 4808 1100 4863 effecits
1117 4813 1154 4864 la·
1205 4817 1286 4872 retur,
1304 4824 1378 4878 agros
1396 4805 1528 4870 rastrneli,
1551 4805 1684 4864 tramenta
1703 4822 1729 4866 et
1752 4823 1817 4868 tecta
1838 4817 2026 4884 incendendi,

283 4929 317 4981 Μ
339 4897 390 4950 tius
401 4909 427 4952 et
440 4899 476 4953 ibi
491 4907 583 4968 potent
600 4899 732 4962 caritatis,
744 4916 820 4966 quam
834 4897 900 4965 juris
914 4893 1031 4962 regulae.
1050 4893 1080 4946 ln
1093 4911 1152 4946 earu
1203 4907 1302 4944 uorans
1318 4892 1422 4944 linitum
1441 4890 1466 4944 ei
1485 4902 1556 4944 esset
1572 4896 1710 4948 acutione
1729 4897 1788 4964 uti,
1806 4901 1937 4956 troritnr
1962 4904 2026 4958 bos·
2045 4933 2090 4983 73

339 4995 446 5036 ιιιιιιιιιι
466 4981 560 5036 Cicero
578 4982 711 5034 insimili
731 4999 780 5051 pro
798 4981 911 5038 Rabirio
928 4979 1070 5047 posthumo
1088 4980 1156 5046 prali-
1205 4985 1267 5039 tem,
1285 4986 1313 5027 et
1331 4972 1432 5028 inferre
1450 4975 1598 5030 alumnum?
1615 4979 1660 5032 ste
1679 4979 1793 5050 siletur,
1812 4985 1908 5038 bellum
1927 4989 2026 5051 enirn,

338 5080 381 5116 ces
394 5066 584 5136 alloquebatur.
595 5063 660 5133 qaid
673 5063 838 5130 deceatuos,
850 5083 907 5119 non
921 5073 1050 5132 quantam
1065 5063 1154 5128 liceat,
1203 5055 1266 5110 datus
1285 5061 1392 5130 geritur,
1410 5075 1462 5111 uun
1482 5074 1569 5114 eontra
1590 5064 1671 5115 dones
1689 5064 1730 5115 tel
1750 5072 1894 5122 exereitum
1917 5070 2026 5136 salum,

338 5159 460 5218 spectare
471 5148 585 5202 debetis:
599 5150 624 5202 ri
634 5148 706 5201 enim
718 5147 782 5221 quirl
796 5147 875 5202 liceat
887 5145 1034 5217 quaeritis,
1045 5147 1155 5212 potestis
1205 5145 1250 5200 setl
1269 5146 1391 5216 utrinque
1409 5155 1501 5198 contra
1520 5143 1644 5199 subditos
1663 5157 1688 5200 et
1706 5147 1776 5202 eires
1797 5150 1956 5215 instituitur,
1969 5153 2027 5204 inro

287 5259 324 5313 ω
341 5231 591 5289 tollereeeiuitatr.
602 5253 682 5302 quem
695 5233 781 5294 ruitis.
794 5233 865 5286 Facit
880 5233 929 5286 hue
941 5231 1011 5303 quud
1029 5247 1061 5282 ex
1087 5230 1154 5284 Dio·
1206 5239 1295 5284 eontra
1314 5246 1374 5294 eos,
1387 5229 1432 5300 qui
1453 5229 1519 5282 intra
1537 5226 1604 5283 fines
1622 5230 1733 5283 hostiles
1751 5242 1836 5298 sont,
1854 5249 1915 5288 eum
1936 5235 1969 5288 ab
1989 5237 2025 5287 iis

340 5315 407 5368 doro
419 5315 509 5372 Siculo
522 5319 619 5375 alieubi
631 5319 740 5373 Grotius
754 5317 855 5386 dejure
870 5317 933 5368 belli
942 5328 967 5368 et
978 5313 1051 5382 pacis
1064 5313 1154 5367 refert.
1205 5333 1306 5389 quaqua
1324 5316 1450 5370 domnum
1469 5315 1549 5368 metui
1570 5315 1668 5384 possitr
1688 5315 1797 5386 impune
1816 5319 1905 5386 itaque
1925 5323 1952 5373 in
1966 5324 2026 5376 solo

350 5402 461 5456 Urbium
474 5406 698 5476 repugnationes,
711 5403 831 5458 secunda
842 5404 1001 5473 proelia,et
1013 5399 1115 5472 siquid
1126 5418 1157 5452 a·
1209 5401 1331 5470 proprio,
1350 5402 1378 5454 iu
1398 5399 1453 5452 solo
1472 5397 1586 5460 hostili,
1605 5399 1634 5450 in
1654 5399 1710 5450 solo
1727 5403 1825 5456 uirilius
1844 5399 2027 5458 interfluereo·

344 5479 699 5558 lt'udinbelloprosprrum,
714 5487 936 5558 rarprjbrtunae
955 5489 1053 5558 magis,
1073 5502 1155 5555 param
1209 5493 1266 5538 tur:
1284 5483 1311 5535 iu
1330 5491 1421 5554 presto
1439 5493 1522 5535 antem
1544 5481 1678 5533 territorio
1698 5482 1757 5537 ideo
1783 5483 1850 5537 naal
1878 5487 2029 5540 orcirleren·

345 5571 438 5627 rirtntr'
451 5574 588 5627 debentur.
601 5577 812 5630 Arer'rrtanrmo
826 5575 941 5640 imperio
955 5576 1035 5628 vietis
1056 5569 1156 5622 miseri·
1208 5577 1266 5630 tur,
1284 5566 1344 5637 quia
1364 5565 1461 5634 injuris
1482 5565 1561 5616 tertio
1579 5561 1724 5620 inlerretur
1742 5585 1781 5632 eo,
1801 5587 1853 5622 oon
1874 5585 1942 5630 reto,
1956 5574 2029 5640 qunti

289 5678 325 5734 33
346 5659 468 5712 cordiam
481 5657 618 5728 impertiri
627 5659 712 5715 tulius
729 5657 887 5730 prudentiae
900 5677 966 5728 opus
977 5670 1025 5716 est.
1049 5657 1080 5712 Et
1102 5655 1158 5710 alle·
1214 5653 1265 5724 ipsi
1280 5649 1446 5708 inviolabiles
1463 5649 1525 5716 slot,
1542 5649 1677 5706 Marcione
1697 5661 1765 5708 teste
1790 5655 1819 5708 in
1838 5655 1856 5710 l.
1884 5659 1910 5710 8.
1926 5658 1957 5711 ι“ιι
1969 5657 2031 5730 fia.

267 1844 305 1903 rt

2042 3201 2083 3252 *1³
