4450 6220
368 273 423 328 MB
677 295 681 302 ·
935 264 1125 320 IllSPU'l'dT.
1142 265 1201 320 XX·
1219 263 1337 321 CAPUT
1354 267 1378 320 l.
1885 269 1940 328 010

318 365 428 467 ipsisl
456 362 564 439 Certe
597 361 701 436 nobis
727 363 826 480 ipsis.
850 359 988 462 injuria
1014 362 1124 456 igitur
1154 361 1417 432 sacratissimae
1440 357 1593 432 infertur
1609 359 1706 434 Deae
1735 358 1982 457 smalevolie,

318 471 379 565 qui
398 463 541 564 culpam
559 489 708 537 ominem
725 487 763 534 ιιι
779 487 893 562 ipsam
921 463 1103 560 rejiciunt,
1124 475 1383 558 proptereaque
1411 475 1488 532 atro
1517 459 1673 532 carbone
1702 461 1914 560 sacrilegum
1939 464 1980 538 iu

316 565 466 638 mudum
483 575 620 637 notant.
641 567 689 635 Et
708 565 792 634 hinc
810 587 888 660 spes
913 578 983 648 est,
1008 563 1216 632 convictum
1235 559 1428 657 aliquando
1445 563 1607 633 seculum
1639 562 1728 634 seria
1756 567 1978 660 poenitentia

319 667 468 737 meliora
489 677 695 737 secuturum
714 663 885 750 consilia,
902 675 1012 759 atque
1029 684 1175 730 omnem
1196 664 1362 732 Astraeae
1375 662 1471 732 bisce
1491 661 1766 762 tempestatibus
1782 665 1976 764 demptum

316 763 491 864 fulgorem
510 763 719 867 plenissime
742 766 1006 836 restituturum.
1026 759 1331 860 Quandoquidem

544 960 674 1034 Multa
699 961 781 1036 dies
808 968 1011 1060 variusque
1037 957 1143 1032 labor
1168 957 1364 1034 mutabilis
1388 963 1469 1033 aevi

538 1061 709 1133 Rettulit
732 1067 772 1133 iu
800 1065 953 1150 melius,
980 1066 1116 1131 multos
1141 1064 1291 1130 alterna
1318 1065 1482 1134 revisens

541 1161 674 1255 Lusit,
700 1177 738 1240 et
763 1166 805 1233 in
830 1163 949 1235 solido
976 1183 1110 1232 rursus
1125 1158 1294 1260 fortuna
1320 1166 1468 1234 locavit.

323 1365 378 1438 Ut
397 1373 517 1436 autem
537 1368 714 1440 sententia
734 1363 823 1468 juris
841 1361 886 1432 de
898 1359 1093 1434 calumniis
1112 1359 1333 1457 malitiisque
1347 1359 1558 1458 hostilisque
1576 1361 1614 1434 iu
1628 1383 1685 1434 eus
1702 1361 1848 1437 animus
1868 1367 1982 1462 magis

321 1467 523 1552 elucescat,
537 1462 673 1562 placuit
691 1465 869 1565 praesenti
885 1463 1126 1560 disputatione
1144 1460 1297 1533 solemni
1315 1465 1438 1534 sistere
1456 1461 1703 1552 calumniam,
1721 1475 1902 1560 quatenus
1921 1468 1976 1538 iu-

317 1575 373 1635 ter
391 1567 553 1658 urgentia
574 1564 638 1634 fori
659 1566 797 1661 negotiu
817 1563 959 1635 datum.
977 1562 1109 1633 Omnia
1128 1559 1297 1659 equidem
1318 1563 1385 1634 buc
1402 1565 1600 1661 spectantia
1618 1559 1742 1634 afferre
1760 1585 1801 1634 ac
1819 1563 1977 1637 enudare

314 1687 388 1736 non
407 1663 521 1735 licuit.
541 1663 641 1736 Istud
655 1669 754 1740 enim
778 1661 1218 1762 propteramplitudinem
1239 1669 1412 1734 materiae
1430 1687 1492 1761 per
1510 1674 1626 1734 totum
1651 1664 1706 1762 jus
1723 1660 1878 1735 'diffusae
1899 1663 1979 1735 inli-

312 1767 480 1864 nitosqne
498 1762 679 1838 humanae
699 1769 831 1838 mentis
852 1787 1007 1836 recessus
1024 1767 1206 1860 integrunt
1226 1785 1266 1832 ac
1284 1766 1410 1860 ingens
1437 1763 1604 1836 volumen
1632 1774 1849 1862 exposceret.
1871 1759 1977 1834 Libe-

313 1867 445 1936 r'iureru
464 1864 624 1960 stylum,
643 1872 671 1940 si
689 1863 820 1939 alicubi
841 1867 869 1935 is
887 1865 1103 1962 reperietur,
1133 1861 1318 1935 excusabit
1346 1869 1520 1937 materiae
1550 1861 1701 1936 indoles.
1734 1861 1823 1936 Esto
1852 1863 1973 1960 itaque

312 1963 382 2037 alio
395 1963 597 2038 sufflamine
614 1964 666 2040 las
683 1968 861 2041 destinato
874 1989 1002 2064 campo
1019 1963 1223 2036 decurrere.

953 2163 983 2234 I.
1010 2159 1054 2236 N.
1082 2163 1127 2235 D.
1152 2161 1198 2236 N.
1223 2161 1256 2233 J.
1283 2162 1327 2234 C.

977 2360 1225 2434 CAPUT
1272 2359 1301 2426 l.

488 2543 539 2610 De
563 2543 786 2637 etymologia,
811 2543 1050 2635 homonymia,
1073 2538 1284 2632 syn⁰nymiu
1306 2550 1338 2602 et
1358 2535 1556 2628 definitione
1580 2536 1789 2606 calumniae.

536 2725 559 2774 s
579 2724 608 2776 υ
621 2721 655 2774 u
671 2723 706 2772 Μ
719 2721 749 2773 A
768 2723 792 2775 a
812 2723 876 2774 Μ
1168 2711 1259 2764 multis
1272 2713 1339 2782 juris
1353 2711 1610 2782 textibus‚queruna
1629 2712 1800 2767 auctoritates
1823 2723 1851 2768 et
1873 2713 1989 2769 rationes

1166 2797 1285 2866 plerique
1293 2797 1337 2848 «tt.
1350 2798 1432 2849 secuti
1444 2798 1477 2849 ab
1492 2797 1676 2868 explanatione
1687 2797 1870 2852 vocabulorum
1890 2807 1987 2853 tracta·

299 2885 345 2938 De
358 2901 426 2940 curn
439 2885 593 2940 uerborum.
611 2884 686 2939 Ordo
698 2887 802 2958 cupitis.
816 2893 838 2949 ς.
853 2889 879 2940 1.
1167 2881 1251 2934 tiones
1264 2882 1387 2936 inchoare
1398 2884 1492 2936 solent.
1503 2881 1695 2951 lleigituripse
1710 2883 1801 2948 illotis,
1813 2881 1884 2951 quud
1898 2882 1985 2948 ajunt,
2002 2892 2024 2945 6

298 2967 485 3037 Etgsrnologia.
497 2965 519 3038 5.
534 2969 560 3020 2.
1166 2965 1296 3028 manibus,
1315 2966 1449 3036 nimiaque
1461 2967 1600 3020 securitate
1613 2968 1758 3030 materiam,
1768 2983 1847 3036 quam
1861 2965 1889 3018 iu
1903 2983 1983 3034 prae·

300 3052 498 3120 Homonymio.
509 3046 533 3122 5.
547 3052 575 3105 3.
1165 3064 1225 3102 sens
1242 3051 1375 3105 elaborare
1392 3049 1506 3115 institui,
1523 3051 1670 3120 aggrediar,
1684 3052 1771 3122 paucis
1784 3049 1982 3120 etymologiam,

299 3133 476 3206 Synonymia.
487 3138 509 3202 5
521 3137 546 3189 l.
1166 3133 1359 3202 homonymiam
1372 3144 1398 3186 et
1409 3135 1602 3206 synonymum,
1612 3135 1711 3206 quibus
1722 3135 1869 3190 absolvitur
1883 3132 1984 3190 defiui-

299 3217 446 3287 Definitio.
459 3221 483 3287 5.
495 3221 520 3274 t.
1165 3221 1212 3284 tio,
1225 3239 1301 3292 quum
1316 3222 1474 3276 seminalem
1488 3220 1586 3282 dicunt,
1599 3219 1709 3284 tradam,
1732 3230 1760 3273 et
1778 3219 1875 3273 deinde
1889 3219 1986 3274 delini-

297 3302 422 3358 Purts'tiu
433 3305 593 3360 tolumnius.
607 3313 627 3372 5.
640 3307 666 3362 e.
1165 3303 1263 3360 tionem
1278 3307 1372 3360 realem
1385 3306 1542 3359 subnectam.
1561 3305 1689 3375 Quamuis
1706 3306 1777 3372 juxta
1790 3302 1981 3364 nonnullorus'p
2004 3324 2023 3376 7

1165 3393 1355 3446 neotericomru
1370 3392 1565 3448 innovationem
1579 3393 1643 3444 haee
1666 3393 1762 3444 caleern
1787 3391 1987 3456 dissertationis

262 3467 279 3519 1
298 3479 320 3538 ς.
339 3476 365 3528 1.
390 3406 526 3544 Insignis
537 3477 703 3543 superiorum
717 3489 863 3547 temporum
876 3479 927 3536 tut
946 3479 1043 3536 dictum
1061 3482 1115 3539 ler-
1164 3475 1422 3545 occuparedebesnt
1434 3491 1498 3544 quos
1509 3490 1645 3530 sooseusu
1658 3475 1792 3531 abundare
1810 3478 1896 3533 libens
1917 3481 1984 3537 aino.

298 3571 349 3626 tur,
364 3559 398 3614 de
411 3560 497 3614 serbis
511 3577 562 3612 non
573 3572 647 3614 eurat
657 3565 742 3627 tetus,
756 3565 794 3616 uti
809 3566 880 3617 istud
901 3581 916 3618 e
934 3563 999 3620 Lod.
1018 3567 1075 3623 vn.
1093 3568 1112 3620 l.
1197 3562 1219 3627 S·
1240 3561 1265 3612 2.
1281 3559 1513 3614 Dedocuutauteur
1527 3577 1581 3612 rue.
1594 3559 1723 3612 calumnia
1737 3560 1770 3614 ab
1782 3563 1892 3633 antiquo
1904 3566 1983 3620 serbo
2000 3577 2017 3630 8

301 3644 490 3709 l.dseorrupt
515 3643 738 3708 diruptadduclt
757 3648 866 3718 llippol.
892 3669 906 3700 a
933 3649 993 3720 lup.
1012 3651 1046 3706 de
1062 3663 1116 3706 rut.
1165 3646 1589 3710 salvemus.cstutum,sansrs‚
1607 3648 1878 3721 Becruann.deuri3.
1895 3650 1983 3720 liuga.

298 3737 359 3780 stut-
370 3737 442 3798 port.
456 3729 481 3777 1.
495 3743 552 3790 ααμ.
565 3727 591 3778 θ.
603 3739 663 3780 sert.
688 3729 714 3780 2.
737 3729 828 3798 Quoad
851 3731 929 3782 rerba
949 3731 1018 3785 haud
1037 3733 1117 3788 dubie
1165 3733 1213 3788 lot.
1225 3733 1266 3786 lit.
1277 3751 1299 3788 c.
1312 3733 1382 3787 verb.
1400 3731 1546 3786 columnia.
1567 3734 1676 3806 Lipsius
1696 3737 1726 3789 in
1750 3752 1871 3790 sermon.
1890 3735 1923 3790 de
1940 3754 1984 3790 cu·

300 3807 443 3880 inelegans,
454 3809 498 3862 sed
513 3826 564 3860 uon
578 3811 613 3862 ita
626 3807 701 3862 rudis
714 3811 796 3879 quoad
809 3821 924 3865 mentem
937 3814 991 3866 Jctl
1012 3825 1117 3870 senten·
1165 3820 1250 3874 lauru.
1261 3822 1290 3874 in
1304 3836 1346 3885 μν.
1359 3821 1376 3871 1.
1389 3819 1412 3872 al
1423 3818 1547 3871 soluitur.
1561 3821 1622 3870 233.
1634 3835 1675 3886 pr.
1679 3817 1719 3888 st
1733 3821 1765 3873 de
1777 3838 1801 3872 u.
1815 3836 1837 3873 s.
1850 3821 1877 3872 h.
1897 3837 1919 3872 e.
1939 3820 1983 3873 de-

263 3883 283 3936 2
301 3895 344 3952 tia.
357 3893 445 3946 luauis
457 3894 491 3945 lis
504 3892 537 3946 de
549 3892 646 3958 serbis,
660 3895 705 3948 ubl
719 3895 753 3950 de
764 3911 841 3950 seusu
853 3907 880 3950 et
891 3915 920 3950 re
929 3909 1038 3951 constat.
1057 3899 1116 3954 llun
1164 3906 1262 3975 cipere,
1276 3903 1408 3966 frustrari,
1423 3903 1575 3971 metaphora
1590 3913 1669 3956 traeta
1682 3923 1696 3954 a
1711 3902 1800 3968 calvis,
1811 3902 1857 3971 qui
1871 3921 1915 3958 eos
1927 3903 1982 3958 iru-

300 3991 388 4036 tanen
404 3979 463 4032 ideo
484 3996 589 4042 rernm,
602 3997 708 4032 ornnem
730 3982 867 4036 uerborum
879 4001 967 4038 curans
989 3987 1117 4056 lurlspru·
1165 4001 1289 4052 atrautur,
1306 4007 1320 4039 a
1339 3988 1435 4056 quihus
1458 3987 1624 4056 peruaplllos
1638 3986 1766 4056 prehendi
1781 3987 1912 4044 sidentur.
1930 3989 1983 4041 Δα·

301 4062 720 4132 deutlaeasseclisahjicteudam:
741 4081 788 4119 nee
807 4065 858 4118 hoc
877 4069 961 4121 soluit
980 4069 1116 4136 Bastulus,
1167 4085 1211 4128 ton
1226 4075 1275 4126 Del
1288 4071 1480 4138 Redep'uruns·
1492 4068 1610 4124 saluum.
1624 4088 1647 4124 c.
1661 4074 1686 4124 1.
1701 4090 1728 4127 ιι.
1746 4073 1789 4126 27.
1808 4073 1981 4144 ΟιίςίιιιΙίιει

264 4135 282 4188 ³
299 4147 364 4214 alias
377 4157 482 4217 propter
494 4145 521 4198 id
534 4147 629 4200 merito
642 4145 774 4202 notandus.
791 4150 887 4218 ttlagns
901 4150 972 4204 eninr
987 4150 1054 4206 risa
1072 4171 1114 4206 ro·
1165 4173 1251 4214 socam
1269 4158 1302 4210 ah
1322 4159 1443 4216 llebrseo
1461 4159 1518 4214 :thu
1537 4157 1704 4212 calumniaet
1716 4157 1983 4228 ignominisaffeetua

297 4231 396 4284 “hulst
408 4231 511 4302 pendet·
524 4242 549 4286 et
562 4233 607 4302 (1ῦὶ
621 4231 727 4286 villule!
740 4233 920 4288 t⁰0⁸b¹¹¹0fflffl
933 4235 1063 4306 ltmmh
1077 4236 1115 4290 it·
1165 4253 1211 4305 est,
1223 4242 1383 4299 calumniose
1402 4255 1523 4302 tractatus
1539 4252 1589 4312 est,
1607 4242 1721 4302 derivari
1729 4245 1825 4299 scribit
1838 4243 1981 4300 Becmann.

300 4313 352 4367 uile
362 4315 390 4366 ln
405 4313 538 4367 tractanda
551 4314 778 4386 cognoscendaque
790 4333 818 4370 re
835 4317 1014 4388 decipiuntur.
1034 4319 1115 4376 Arist.
1168 4327 1193 4379 d.
1207 4327 1258 4381 loc.

303 4397 350 4451 lr'l.
366 4397 510 4452 tuamet·
524 4399 636 4452 ltulaud.
648 4400 681 4453 de
692 4399 863 4455 consuissnr.
882 4413 957 4472 pun.
977 4407 1000 4458 1.
1023 4403 1069 4458 tit.
1089 4409 1116 4459 1.
1197 4415 1220 4480 ς.
1239 4413 1265 4466 3.
1291 4412 1416 4484 Acceptis
1443 4413 1589 4469 susianen
1614 4431 1672 4468 uua
1703 4411 1840 4484 decipitur
1864 4411 1907 4489 (1)
1932 4416 2015 4486 prod

263 4467 281 4519 ⁴
299 4501 357 4551 ΜΡ·
368 4484 392 4534 ²·
405 4485 472 4536 ¹¹·1·
486 4491 512 4535 ‘i
530 4484 557 4534 ³·
582 4481 728 4537 ¹⁰l⁸¹¹00¹3¹
752 4501 812 4537 '²¹¹⁰
836 4484 954 4550 *ῦῦῑῧῦί
978 4503 1117 4558 ‘¹¹⁰³th
1163 4497 1253 4565 quasis
1264 4497 1363 4566 ingenii
1378 4497 1489 4563 malitia,
1500 4506 1530 4551 ut
1543 4497 1689 4551 Curneades
1699 4499 1812 4568 optimas
1833 4513 1922 4552 musas
1939 4499 1980 4553 iu-

300 4563 449 4627 sirtutibus,
468 4564 635 4634 rectiusipsa
649 4567 916 4636 resiutelllgitur,et
929 4570 1062 4626 intellecta
1080 4571 1116 4627 ia·
1163 4581 1234 4649 pontt
1252 4580 1381 4635 alumnia
1400 4577 1534 4634 ludificari
1561 4579 1648 4635 dletns
1665 4579 1734 4653 apud
1753 4579 1809 4634 Cic.
1828 4581 1856 4636 2.
1874 4582 1908 4636 sle
1925 4599 1980 4656 rep.

299 4645 378 4698 cilius
390 4644 590 4700 determinatur.
601 4665 654 4718 per
665 4650 682 4700 l.
697 4647 784 4717 22].
797 4651 830 4704 de
840 4663 945 4706 ustum.
958 4655 1069 4710 hulaud.
1089 4656 1116 4712 d.
1165 4663 1298 4734 Cartapeu.
1316 4665 1346 4719 iu
1357 4681 1450 4728 ercuos.
1464 4663 1503 4717 tit.
1513 4663 1536 4738 μ’.
1547 4681 1611 4720 ensa.
1622 4663 1667 4716 lah.
1690 4665 1716 4718 2.
1734 4665 1775 4719 ta't.
1795 4667 1822 4718 ’1.
1847 4669 1926 4722 vent.
1945 4669 1979 4721 sta

301 4744 357 4794 cup.
369 4727 396 4779 2.
412 4746 438 4781 n.
450 4731 475 4780 2.
488 4731 598 4783 Ventur.
610 4729 643 4782 «le
654 4733 760 4787 Valent.
770 4734 815 4788 lib.
830 4738 1115 4811 1.purtlren.litigios.
1164 4748 1267 4802 Valent.
1281 4749 1328 4802 lib.
1339 4751 1365 4800 1.
1377 4746 1477 4802 Paul.
1489 4749 1529 4803 lit.
1542 4767 1600 4816 cap·
1626 4749 1655 4803 ll·
1673 4767 1700 4801 tt.
1720 4750 1746 4801 2·
1768 4747 1810 4820 (2)
1835 4769 1884 4821 pru
1901 4754 1976 4805 omni
1997 4753 2034 4805 10

263 4795 282 4850 ὅ
298 4828 358 4881 cup.
372 4811 396 4864 d.
410 4831 436 4866 ιι.
450 4814 475 4866 2.
487 4813 552 4867 lude
566 4816 677 4868 sollicite
692 4819 796 4889 saepius
809 4840 822 4872 a
833 4821 1077 4889 juriscunditorihus
1090 4837 1117 4881 et
1164 4829 1332 4900 improbitate
1352 4841 1379 4886 et
1396 4831 1534 4898 iniustitia,
1553 4851 1618 4902 quae
1637 4833 1664 4885 iu
1682 4849 1737 4900 rep·
1762 4837 1936 4890 committitur
1953 4848 1981 4891 et

298 4895 452 4962 prudentib.
464 4897 586 4952 voeabula
599 4901 727 4971 explicata
740 4916 807 4976 patet
821 4925 856 4959 ee
868 4905 943 4977 suff.
955 4925 978 4962 α.
992 4909 1035 4962 10.
1045 4921 1116 4964 seret.
1161 4917 1362 4984 jurenoercetur
1371 4931 1412 4984 pr.
1419 4932 1541 4983 procem.
1551 4916 1634 4972 instit.
1646 4917 1715 4988 ads.
1727 4918 1772 4992 (3)
1786 4935 1833 4989 pro
1848 4922 1978 4976 malitiosa
1998 4921 2036 4971 11

300 4981 382 5038 Cleua.
395 4985 489 5054 Kuog.
502 4987 571 5039 Jols.
583 4987 627 5040 22.
641 4988 759 5044 deuerl.
770 4991 864 5064 signifi
883 5012 940 5066 cup.
954 4997 980 5048 2.
1006 4997 1068 5051 stuc
1087 5002 1113 5053 1.
1161 4997 1224 5066 justi
1238 4997 1343 5068 serique
1354 4997 1382 5050 in
1401 4999 1542 5054 lseaiouem
1562 5013 1586 5055 et
1605 5001 1729 5067 iniuriam
1749 5004 1859 5072 alicuius
1878 5022 1982 5078 perser-

298 5091 322 5125 ο.
334 5071 360 5126 2.
374 5080 400 5123 et
414 5071 439 5124 2.
452 5069 513 5123 dist.
531 5073 555 5124 2.
565 5089 589 5124 c.
602 5073 689 5126 cleros
707 5077 729 5128 l.
742 5075 803 5129 dist.
814 5077 858 5128 21.
870 5093 893 5130 n.
906 5081 932 5130 1.
944 5095 969 5133 α.
981 5080 1025 5132 22.
1043 5101 1070 5151 p.
1089 5081 1114 5135 2.
1162 5079 1245 5142 sicne,
1256 5080 1407 5135 detorsione
1419 5093 1445 5136 et
1457 5085 1687 5150 circumventione,
1707 5089 1761 5144 stre
1779 5085 1826 5142 liat
1845 5103 1916 5145 eatrs
1935 5089 1978 5160 iri-

297 5176 318 5210 α.
330 5156 454 5210 schisma.
467 5155 509 5209 st.
521 5173 542 5208 c.
555 5155 598 5208 tt.
609 5175 633 5224 p.
650 5160 673 5208 1.
686 5175 709 5209 c.
723 5159 849 5214 haeresis.
862 5159 906 5211 27.
916 5177 940 5213 e.
954 5159 997 5214 21.
1010 5182 1037 5232 p.
1050 5163 1075 5214 2.
1088 5160 1113 5236 5.
1162 5163 1278 5230 dieiurn,
1290 5171 1344 5225 alae
1362 5167 1390 5223 in
1409 5169 1524 5240 judicie,
1541 5172 1582 5224 sel
1602 5171 1716 5240 agendo,
1740 5175 1782 5228 sel
1804 5175 1979 5248 excipiendo,

300 5237 325 5288 2·
341 5239 357 5302 t'·
368 5237 401 5290 de
413 5247 513 5308 ''¹²4²'-
524 5236 541 5290 ἕ·
556 5237 589 5289 ‘¹²
601 5247 707 5292 testam.
721 5245 741 5300 i·
755 5241 812 5312 21⁶·
828 5241 938 5311 desufl-
960 5243 981 5309 h
997 5246 1024 5296 ¹·
1036 5243 1061 5318 J'
1081 5243 1115 5298 de
1162 5252 1201 5304 sel
1218 5253 1296 5307 aliter
1313 5257 1379 5327 qnid
1399 5255 1548 5324 tractando,
1567 5259 1746 5328 spargendum
1768 5263 1790 5316 l.
1814 5266 1840 5318 1.
1867 5275 1895 5320 st
1912 5265 1938 5318 2.
1955 5284 1981 5320 n.

297 5320 634 5395 publ.1'urlic.l.l.ffiqui
650 5324 847 5396 entisdeopl.
869 5328 926 5378 3.l.
947 5327 971 5379 t.
994 5333 1015 5391 5.
1036 5331 1062 5380 1·
1081 5329 1114 5384 tle
1161 5334 1193 5388 de
1210 5335 1265 5404 J'ur.
1283 5351 1368 5411 propt.
1388 5341 1439 5396 sat.
1459 5342 1479 5396 l.
1498 5341 1565 5414 l.5.
1585 5346 1612 5395 1.
1634 5343 1673 5397 ud
1695 5355 1746 5398 set.
1771 5355 1832 5414 turp
1866 5349 1878 5400 l
1904 5351 1919 5401 1
1954 5357 1966 5412 ς

295 5405 831 5477 21θῦ1122111·Ῑ·η·ᾰθ“1”2·1·1·ᾰθ
848 5411 904 5465 Νό·
924 5411 994 5464 θΐθᾰ·
1012 5405 1030 5465 l·
1047 5413 1072 5466 ὅ·
1090 5419 1111 5476 i·
1159 5437 1208 5486 per
1223 5423 1342 5478 column.
1358 5425 1385 5480 si
1400 5427 1466 5480 mul.
1483 5437 1552 5481 rent.
1571 5445 1646 5480 unm.
1665 5426 1693 5482 iu
1710 5445 1784 5498 porr.
1803 5430 1856 5483 eal.
1874 5441 1896 5484 t.
1916 5429 1979 5502 effi

297 5489 322 5542 ³·
334 5489 431 5554 depes.
443 5489 461 5540 ¹·
476 5490 550 5558 ΜΓ·
562 5489 621 5556 'lt-’t’-
639 5491 654 5543 ῑ
669 5492 695 5542 2·
707 5491 739 5544 ὅθ
752 5507 845 5557 *ΡΜ
869 5494 887 5546 ¹·
905 5496 931 5547 7·
950 5495 1059 5562 ‘nuvell-
1079 5495 1113 5548 le·
1162 5514 1188 5556 et
1203 5523 1226 5555 e.
1244 5503 1278 5560 de
1294 5511 1411 5563 culumu.
1430 5511 1448 5562 l.
1471 5513 1495 5562 l.
1512 5527 1533 5563 c.
1552 5511 1586 5564 de
1602 5509 1699 5564 odroc.
1720 5514 1744 5563 1.
1764 5513 1776 5564 l
1794 5510 1821 5565 d.
1832 5529 1855 5566 c.
1870 5513 1974 5586 dejure

296 5583 353 5642 put.
363 5571 382 5624 l.
396 5574 472 5643 l.pr.
485 5573 517 5626 rle
530 5591 556 5627 α.
566 5589 639 5642 poss.
649 5575 668 5628 l.
688 5579 710 5628 1.
723 5592 766 5646 pr.
787 5574 821 5630 de
841 5577 982 5638 nopotiou.
1001 5580 1113 5652 aliisque
1149 5583 1225 5655 fisci.
1243 5588 1259 5642 l.
1280 5592 1306 5642 1.
1325 5599 1346 5655 ς.
1366 5595 1390 5644 1.
1408 5602 1435 5646 et
1454 5592 1478 5646 2.
1488 5591 1530 5662 ff.
1548 5591 1581 5648 de
1598 5595 1721 5651 salumn.
1740 5595 1757 5650 t
1776 5597 1820 5649 22.
1830 5594 1871 5667 ff
1887 5595 1924 5654 da
1938 5600 1976 5655 la-
