4374 6216
381 334 415 388 31
577 321 584 330 ’
957 329 1149 390 DlSl’linT.
1166 334 1203 390 ll·
1220 333 1338 394 canus
1354 337 1380 391 l.
1916 339 1953 392 82

333 426 520 518 calcabat,
546 424 605 500 vel
630 426 697 500 Dei
723 423 858 500 similis
883 451 959 500 esse
984 443 1152 504 tentaret.
1179 432 1378 532 Repetehat
1401 431 1500 506 idem
1526 442 1606 532 post
1630 429 1774 532 lapsum
1798 431 1837 505 iu
1865 445 1995 505 monte

333 531 454 620 Sinai;
482 553 528 600 ne
553 531 752 624 imaginem
778 531 853 600 Deo
878 529 1040 602 similem
1066 531 1296 622 efformaret,
1320 547 1359 604 et
1383 532 1422 606 iu
1449 559 1491 604 eo
1514 545 1715 604 creatorem
1741 547 1924 603 creaturae
1947 536 1995 602 si·

336 629 462 702 milem
490 627 663 700 crederet.
689 627 953 726 Experiehatur
977 657 1040 702 suo
1064 657 1105 704 ac
1134 634 1243 704 totius
1275 631 1427 704 humani
1451 635 1593 729 generis
1631 631 1730 703 malo
1754 630 1993 732 protoplastus

334 731 477 818 Adam,
499 753 584 800 cum
612 733 788 828 serpentia
813 743 849 799 et
876 732 994 801 uxoris
1019 755 1105 804 suae
1130 733 1325 805 blandiciis
1349 735 1540 824 seductus,
1565 755 1610 802 ex
1635 735 1734 830 pomi
1760 756 1823 804 esu
1855 731 1992 804 honum

334 843 370 902 et
398 829 538 900 malum
564 853 773 922 cognoscere
798 842 998 926 satageret,
1019 844 1055 903 et
1081 833 1175 904 Deus
1200 859 1305 933 supra
1331 835 1582 905 conditionem
1617 857 1719 903 suam
1748 831 1825 902 fieri
1853 833 1999 906 auhela·

335 945 403 1003 ret.
430 928 585 1000 Tristior
613 955 803 1026 nunquam
827 930 1045 1004 mortalibus
1073 956 1142 1004 rox
1165 936 1335 1032 apparuit
1360 937 1446 1022 illa,
1462 959 1532 1032 qna
1560 933 1657 1004 Dens
1682 930 1922 1004 enunciabat:
1948 956 1996 1004 en

335 1031 442 1104 homo
458 1025 595 1127 sactus
618 1045 675 1102 est
701 1053 800 1100 unus
823 1053 878 1102 ex
902 1030 1013 1103 nobis.
1037 1031 1244 1105 Oriundum
1271 1035 1357 1106 inde
1373 1046 1448 1123 est,
1466 1046 1507 1104 ut
1533 1032 1761 1130 potissimam
1785 1033 1898 1102 nostri
1916 1059 1997 1130 par·

336 1148 431 1217 tens,
457 1137 601 1199 atrimae
633 1153 765 1228 nempe
798 1132 975 1226 originem
1008 1145 1045 1202 et
1072 1135 1245 1224 modum,
1271 1137 1481 1233 ignoremus
1513 1133 1615 1204 Adae
1640 1146 1798 1232 nepotes.
1823 1131 1998 1202 Homines

334 1257 399 1302 nos
424 1253 497 1298 esse
524 1232 711 1299 neminem
748 1228 857 1324 fugit3
882 1255 955 1328 quo
992 1232 1100 1304 modo
1129 1245 1270 1324 autem,
1304 1233 1395 1306 latet
1427 1232 1564 1320 adhuc,
1590 1243 1627 1302 et
1660 1233 1807 1303 animae
1839 1256 1995 1327 organon

338 1331 400 1402 uhi
428 1331 497 1418 sit,
516 1333 651 1398 marisit
678 1330 859 1400 incertum
886 1331 1068 1408 hacteuus
1096 1335 1232 1406 Mirum
1259 1347 1449 1434 eapropter
1461 1329 1787 1422 censebitur,esse
1811 1335 1851 1403 in
1877 1330 2001 1422 nohis,

335 1429 433 1530 quod
459 1441 558 1500 extra
586 1453 651 1499 nos
674 1453 748 1502 esse
774 1443 912 1528 potest3
942 1445 1084 1530 etpost
1110 1431 1182 1506 fata
1210 1447 1332 1506 nostra
1368 1431 1661 1531 supersuturam,
1688 1429 1791 1528 qnod
1823 1447 1908 1504 aute
1933 1455 1999 1502 uus

337 1555 411 1603 sion
438 1531 527 1620 itit,
552 1541 617 1599 aut
640 1529 821 1626 quomodo
846 1556 912 1602 uos
945 1534 1139 1604 intraverit
1163 1533 1263 1604 nulla
1292 1533 1349 1606 rel
1374 1533 1523 1604 historia
1551 1532 1691 1602 referat.
1717 1531 1881 1629 Reliquit
1905 1531 2001 1602 Deus

337 1631 443 1702 nobis
469 1627 607 1700 honum
626 1628 775 1726 aliquod
802 1631 1047 1722 imitandum,
1064 1633 1126 1704 sed
1151 1639 1287 1705 summi
1317 1635 1469 1719 intuitu,
1487 1631 1587 1728 quod
1602 1632 1668 1702 soli
1697 1635 1892 1702 reservavit
1908 1631 2001 1718 sihi,

337 1735 377 1804 in
409 1729 581 1800 mediocri
608 1731 775 1826 positum.
793 1727 837 1800 Id
854 1745 1071 1820 sectaturus,
1097 1757 1212 1830 quoa
1240 1735 1360 1805 medio
1392 1731 1550 1820 aberrat,
1574 1755 1616 1802 eo
1640 1755 1659 1800 a
1686 1733 1830 1800 virtutis
1856 1734 2003 1801 tramite

334 1855 523 1902 summum
550 1827 646 1898 illud
673 1829 809 1900 honum
837 1830 995 1903 habente
1019 1830 1115 1918 ahit,
1132 1843 1169 1901 et
1195 1829 1330 1904 labitur
1355 1833 1394 1904 in
1422 1835 1551 1904 vitium
1579 1831 1727 1918 virtuti,
1752 1856 1861 1926 quam
1890 1833 2003 1900 anhe-

336 1930 389 2003 lat
413 1929 534 2002 alline.
553 1929 710 1999 Erraodi
739 1929 798 1998 hic
823 1927 1095 2024 quodammodo
1119 1933 1310 2002 necessitas
1327 1943 1400 2018 est,
1416 1942 1454 2001 et
1470 1927 1654 2001 affectibus
1680 1931 1894 2001 moderandi
1910 1933 2002 2000 ratio

342 2030 516 2101 difficilis.
550 2027 650 2096 luter
686 2029 871 2124 potissima
905 2028 1000 2100 Deus
1026 2030 1103 2125 ipse
1140 2053 1179 2101 ru
1216 2028 1357 2102 lumine
1383 2029 1540 2103 reuelato
1576 2030 1679 2102 nohis
1705 2031 2002 2103 misericordiam

340 2125 577 2202 commendat
602 2149 666 2221 per
697 2127 934 2223 prophetam
956 2127 1140 2199 indicavit
1174 2126 1242 2199 tibi
1267 2153 1289 2198 o
1321 2129 1430 2202 homo
1462 2129 1558 2227 quid
1583 2135 1634 2200 sit
1662 2129 1818 2218 bunum,
1842 2147 1882 2202 et
1908 2129 2003 2225 quid

337 2229 481 2300 Jehova
509 2232 731 2320 requiratur
758 2242 796 2296 te
803 2251 820 2312 ,·
847 2250 976 2322 nempe
991 2223 1127 2326 facere
1144 2227 1360 2325 judicium,
1380 2230 1548 2325 deligere
1575 2231 1889 2320 misericordiam,
1907 2245 1943 2300 ct
1962 2234 2003 2297 in

337 2329 558 2400 hnmilitate
583 2325 776 2396 ambulare
801 2348 886 2394 cum
919 2327 1000 2397 Deo
1032 2340 1117 2414 tuo,
1143 2325 1263 2400 Micia.
1299 2331 1334 2401 6.
1361 2355 1393 2400 v.
1420 2332 1455 2402 8.
1490 2331 1558 2401 Est
1593 2335 1693 2401 enim
1720 2355 1760 2400 ea
1785 2355 1856 2427 qua
1885 2331 2002 2400 Deum

340 2430 532 2498 imitamur
558 2427 645 2496 Luc.
672 2426 707 2496 6.
736 2451 771 2496 v.
798 2425 855 2498 35.
879 2425 940 2498 36.
958 2427 1008 2498 Et
1034 2427 1140 2498 sicuti
1165 2429 1242 2526 ipse
1267 2441 1320 2500 est
1338 2431 1559 2517 misericors,
1576 2454 1651 2501 esse
1670 2429 1922 2502 misericordes
1939 2452 2003 2526 per

341 2527 458 2621 legem
487 2525 622 2621 regiam
646 2523 721 2595 lac.
749 2550 783 2596 2.
812 2551 847 2597 r.
874 2526 912 2597 8.
938 2524 1117 2627 jubemur.
1136 2527 1187 2599 Et
1212 2552 1333 2602 revera
1360 2555 1433 2628 quo
1458 2530 1601 2628 dignior
1626 2532 1729 2629 quis,
1748 2555 1790 2602 eo
1817 2534 1929 2628 magis
1944 2527 2003 2598 de·

340 2630 439 2699 ditus
465 2624 748 2726 deprehenditur
774 2625 1051 2698 misericordiae.

618 2764 668 2779 -
684 2749 735 2778 a·-
751 2721 958 2796 Mitissima
976 2725 1091 2798 corda

613 2821 786 2894 Humani
804 2829 934 2918 generi
954 2827 1048 2897 dare
1072 2848 1111 2896 se
1127 2821 1284 2897 Natura
1291 2824 1470 2924 fatetur,

618 2920 726 3016 Quae
744 2927 935 3022 lacrymas
952 2923 1067 2996 dedit.
1089 2923 1195 2996 Haec
1211 2933 1332 2996 nostri
1344 2953 1438 3026 pars
1455 2933 1595 3026 optima
1612 2952 1752 3002 sensus.

342 3027 545 3098 Generosos
570 3023 704 3121 quippe
729 3025 892 3110 animus,
910 3025 1025 3120 portio
1051 3023 1152 3094 velut
1178 3029 1333 3096 universi
1348 3081 1358 3116 ,
1373 3051 1417 3098 ex
1442 3029 1698 3102 commuuione
1724 3029 1929 3100 communis
1946 3031 2001 3100 in-

347 3127 498 3200 fortunii
525 3120 699 3196 officitur:
727 3119 827 3220 quod
852 3121 898 3194 ad
924 3147 962 3194 se
986 3127 1166 3222 pertinere
1191 3122 1289 3196 haud
1313 3127 1455 3199 ducunt
1480 3126 1641 3228 abjectae
1665 3131 1809 3202 animae
1834 3143 1870 3198 et
1896 3129 2000 3223 dege-

341 3250 466 3314 neres;
492 3228 532 3296 ui
557 3235 682 3295 tamen
710 3225 748 3293 iu
774 3226 850 3319 ipsa
877 3239 1042 3296 accurate
1068 3222 1217 3295 modum
1246 3241 1384 3315 teneas,
1411 3225 1514 3299 lacile
1548 3226 1739 3301 aberrabis.
1771 3229 2001 3326 sapientissi-

345 3351 426 3398 mus
453 3349 579 3420 regum
605 3321 775 3394 Salomon
802 3326 877 3420 jam
902 3327 1130 3410 enunciavit,
1148 3324 1427 3396 misericordias
1442 3331 1641 3425 impiorum
1658 3351 1736 3400 esse
1753 3327 1934 3399 crudeles.
1954 3329 2006 3397 Et

345 3426 442 3522 leges
461 3437 602 3496 nostrae
621 3423 916 3494 misericordiam
932 3423 1104 3494 dixemut
1121 3427 1440 3522 intempestivam
1461 3431 1536 3498 imo
1562 3451 1636 3499 non
1663 3453 1740 3500 raro
1768 3433 1803 3499 iu
1831 3425 2005 3497 delictum

346 3527 448 3599 abire
475 3523 787 3622 pronunciarent,
812 3533 848 3592 et
873 3533 1075 3594 statuerunt
1101 3547 1267 3620 poenam.
1294 3530 1320 3594 l.
1345 3529 1378 3596 si
1404 3525 1601 3598 hominem.
1621 3552 1655 3627 7.
1670 3552 1728 3624 pr.
1755 3527 1806 3627 ff
1833 3528 2002 3622 depositi.

343 3627 379 3715 S.
408 3640 598 3698 caeterum
612 3621 690 3710 fia.
717 3625 807 3690 inst.
832 3620 880 3692 de
905 3625 931 3693 l.
958 3627 1074 3720 aquit.
1102 3628 1126 3694 t.
1154 3621 1208 3692 Et
1234 3628 1439 3720 eleganter.
1466 3651 1499 3727 7.
1525 3627 1561 3716 S.
1589 3652 1621 3727 7.
1635 3627 1697 3727 ff
1715 3627 1761 3698 de
1786 3627 1872 3698 dolo
1892 3629 2007 3696 malo.

348 3733 373 3796 t.
400 3735 555 3793 nonest
572 3717 707 3819 facite.
740 3723 795 3810 ¹4.
822 3725 856 3813 §.
885 3744 918 3790 a.
935 3721 991 3824 ff
1016 3722 1064 3794 de
1088 3723 1231 3794 custod.
1257 3740 1295 3792 et
1319 3723 1450 3796 exhib.
1477 3749 1634 3798 reorum.

400 3825 452 3894 De
478 3823 544 3893 bac
571 3821 829 3892 misericordia
856 3823 1116 3921 intempestiva
1141 3845 1242 3917 agere
1259 3825 1431 3895 constitui
1450 3827 1654 3897 academico
1680 3848 1781 3897 more
1806 3822 2006 3923 disputatu-

347 3947 424 3994 rus:
452 3945 524 3993 ison
550 3944 620 4016 qua
648 3917 848 4014 theologiae
874 3919 932 3990 rel
957 3925 1096 3994 ethicae
1121 3921 1240 3992 dehita
1269 3936 1339 4015 est;
1364 3925 1426 3996 sed
1454 3925 1733 4024 jurisprudentia
1773 3923 1876 3994 illam
1902 3928 2009 4022 capit.

349 4025 445 4095 Dum
473 4033 594 4092 autem
622 4017 684 4089 uhi
712 4017 876 4090 homines
893 4033 1000 4110 suut,
1017 4021 1166 4094 humaui
1193 4021 1286 4095 nihil
1303 4048 1323 4093 a
1341 4047 1378 4094 se
1403 4038 1530 4122 putare
1555 4036 1703 4122 possunt
1721 4023 1899 4110 alienum,
1918 4047 2007 4118 qno-

348 4127 403 4194 vis
430 4123 466 4193 iu
494 4131 590 4190 statu
617 4130 654 4189 et
678 4117 935 4218 intempestive
964 4145 1038 4192 esse
1063 4135 1211 4220 possunt
1238 4125 1498 4198 misericordes.
1532 4123 1700 4196 Mortales
1733 4127 1866 4220 quippe
1890 4137 2005 4192 terrae

349 4223 541 4293 viciniores
566 4241 711 4305 sumus,
736 4243 802 4291 uec
826 4243 869 4289 ex
903 4244 1014 4320 aequo
1046 4222 1278 4295 moderamur
1310 4223 1512 4298 affectibus!
1539 4223 1781 4295 Tractatiouis
1813 4221 2006 4292 methodus

348 4322 436 4396 inde
461 4323 648 4392 societates
665 4319 849 4418 simplices
868 4323 1005 4418 primu,
1023 4321 1156 4394 deinde
1172 4327 1387 4422 compositas
1411 4339 1448 4396 et
1474 4329 1590 4423 ipsam
1616 4325 1802 4395 civitatem
1829 4323 2011 4419 respiciet,

349 4427 387 4495 in
415 4423 532 4518 iisque
559 4421 721 4492 homines
748 4427 910 4491 viventes
943 4447 1008 4520 pro
1042 4422 1184 4496 diverso
1218 4441 1333 4516 statu,
1367 4450 1437 4522 qua
1475 4427 1538 4496 lini
1571 4425 1752 4522 supposito
1788 4422 2012 4506 inserviunt,

350 4518 606 4593 considerabit.
632 4521 670 4588 Si
697 4518 828 4618 ubique
856 4519 977 4593 lectori
1006 4547 1078 4595 non
1107 4523 1326 4610 satisfecero,
1343 4529 1543 4622 propitium
1563 4537 1602 4594 et
1627 4523 1802 4594 fautorem
1830 4548 1871 4591 eo
1899 4525 2011 4616 magis

351 4621 458 4692 illum
487 4619 577 4689 mihi
605 4621 802 4716 promitto,
827 4619 924 4718 quod
958 4625 1111 4720 sparsim
1145 4639 1271 4697 cuncta
1307 4625 1511 4724 colligenda
1546 4623 1711 4711 luerunt,
1737 4636 1773 4693 et
1807 4618 2010 4692 methodica

351 4733 435 4791 ante
463 4743 540 4807 nie,
565 4719 659 4817 quod
689 4723 919 4790 meminerim
947 4729 1139 4796 materiam
1164 4727 1258 4798 hauc
1285 4727 1495 4802 tractaverit
1519 4749 1639 4798 nemo.
1665 4721 1719 4795 Ut
1748 4746 1829 4794 vero
1854 4719 2009 4820 proposi·

352 4833 433 4894 tum
463 4832 545 4894 voto
571 4819 787 4918 respoudeat
812 4821 905 4892 Deus
929 4819 1046 4896 effice!

1028 5031 1277 5102 CAPUT
1322 5031 1350 5098 l.

751 5243 804 5311 Dc
821 5245 1078 5314 misericordiae
1102 5249 1364 5340 intempestivae
1386 5245 1627 5339 descriptione.

587 5456 608 5507 S
628 5459 655 5511 U
671 5459 706 5508 t!
720 5461 756 5512 d!
770 5461 798 5513 A
815 5461 841 5513 1t
859 5463 878 5512 1
893 5463 922 5511 A
1217 5457 1344 5524 Eiusdem
1354 5456 1535 5526 Synonymiu.
1549 5475 1575 5510 n.
1591 5461 1617 5510 3.

1218 5542 1289 5608 Quid
1299 5541 1333 5591 tit
1345 5541 1551 5610 intempestive?
1562 5561 1589 5592 n.
1604 5542 1628 5592 i.

349 5617 527 5689 Etymologia
539 5621 669 5672 vocabuli
678 5621 871 5680 misericordia·
883 5644 910 5678 n.
926 5629 952 5681 1.
1221 5627 1384 5680 Describitur
1394 5627 1578 5692 intempestiua
1595 5625 1782 5684 misericordis
1796 5641 1839 5696 ‚et
1852 5641 2035 5687 wnectentar

351 5705 482 5780 Iijatdem
495 5704 680 5774 homonymia.
695 5725 722 5760 n.
735 5709 760 5759 ἢ
1251 5709 1390 5786 'quaedam
1403 5714 1540 5783 erempla.
1556 5732 1584 5770 n.
1599 5717 1625 5768 u.
