4374 6216
364 271 400 331 19
935 265 1125 324 utstoTnT.
1144 266 1165 320 l.
1185 266 1299 324 cleon
1317 269 1364 324 tv.
1902 266 1938 320 20

307 361 460 418 Dectimtsit
477 376 558 418 nutem
579 359 659 416 istum
678 361 730 416 hoc
749 352 869 430 emptor,
888 362 911 414 ai
931 379 991 416 cusu
1009 361 1124 414 ¹latinos·
1174 360 1255 414 bsbili
1269 362 1370 416 ratione
1388 359 1495 416 termini
1515 358 1724 433 prorogationem
1738 357 1824 432 possit
1837 357 1992 431 impetrsre.

308 459 366 509 tur,
379 450 519 520 quominus
533 459 600 502 stato
620 459 738 518 tempore
756 445 849 500 offerat
868 446 1041 509 solutionem,
1056 463 1125 498 rsneiru
1174 446 1281 498 Nemini
1306 447 1393 514 enirn,
1411 445 1479 518 quod
1506 447 1610 502 lortuito
1635 447 1723 502 erenil
1748 445 1866 516 iniquam
1890 446 1992 502 inferre

307 531 402 583 tutibus
422 532 550 602 siqnidem
571 529 673 584 infiniti
693 532 817 584 eueniunt
835 547 925 594 meus,
945 546 1008 600 quos
1028 530 1127 584 enitere
1177 531 1252 584 dohet
1270 531 1458 584 eomtniooem.
1478 530 1519 603 (d)

307 613 485 687 humanitatis
506 636 557 670 non
576 627 631 681 est,
650 617 687 668 sel
706 615 727 668 si
747 633 800 668 non
819 615 871 678 sit,
889 614 934 683 qni
954 611 1046 666 offerat
1066 632 1125 684 pre·
1210 621 1230 676 1.
1250 613 1274 666 1.
1294 617 1496 681 Verumtamen,
1515 632 1579 684 qnae
1597 624 1670 684 pacta
1690 613 1743 666 lata
1766 613 1909 676 inducunt,
1928 615 1991 682 legi·

307 703 375 752 tlum
396 701 463 754 citra
482 703 584 772 culpam
605 719 694 766 suern,
713 700 820 752 multari
842 715 894 750 non
914 707 1011 768 potest.
1023 699 1059 763 (1)
1079 699 1125 751 Sic
1173 695 1292 752 huonon
1312 700 1441 752 contrario
1460 703 1531 759 sint,
1552 715 1656 752 necesse
1672 708 1728 762 est,
1747 700 1797 766 juri
1818 715 1912 768 nempe
1929 715 1992 752 oon-

306 801 385 853 qnunn
413 787 529 856 primum
556 789 585 837 in
612 796 742 838 eontrnotu
765 781 910 852 emptionis
939 791 1125 836 consenserunt
1176 783 1285 834 tranium
1304 785 1489 852 semetipsum
1509 779 1627 834 efficacia
1647 781 1790 853 μιίιι1(7)
1809 785 1886 836 aeluti
1917 786 1939 838 si
1961 788 1990 838 in

307 877 411 936 partes,
425 879 530 940 emptor
548 866 680 925 Dominus
693 863 743 932 lit,
756 875 796 918 ast
809 865 832 916 si
849 865 878 916 in
892 863 962 914 diem
983 865 1123 928 addicant,
1175 867 1258 937 legem
1276 873 1443 922 committere
1468 869 1548 924 velint
1565 869 1748 922 contrahentes
1768 869 1795 922 in
1816 871 1924 938 pignore
1949 870 1989 939 (8)

307 961 338 1001 ιιι
356 951 427 1004 intra
446 955 491 1004 10.
515 951 586 1015 dies,
606 952 629 1003 si
659 949 783 1018 pinguior
800 946 922 1000 obveniet
941 948 1063 1000 venditor
1082 965 1123 1002 res
1174 953 1214 1004 rel
1239 971 1320 1022 snper
1347 969 1375 1006 re
1403 953 1494 1006 illicito
1515 965 1585 1020 pnets
1613 953 1701 1004 ineunt
1721 948 1761 1017 (9)
1779 952 1850 1004 ιιυ11ι
1874 953 1990 1008 declina·

307 1031 426 1102 inennpts
446 1034 496 1100 sit,
518 1031 587 1088 latsli
607 1033 734 1086 decendio
751 1032 838 1100 elapso
863 1047 905 1082 res
924 1030 1055 1084 venditori
1075 1047 1124 1084 uns
1174 1037 1246 1090 tione
1262 1055 1327 1106 opus
1339 1037 1405 1099 erit,
1419 1037 1488 1088 unde
1506 1037 1527 1089 si
1547 1047 1618 1105 pater
1636 1031 1707 1088 litiae
1726 1045 1831 1090 centnm
1852 1035 1880 1088 in
1899 1037 2004 1096 dotem,

308 1130 368 1168 curn
386 1117 534 1170 omnibusn
548 1127 665 1186 ternpore
681 1125 830 1168 contronius
849 1114 979 1183 perceptio
996 1111 1124 1168 fructibus
1175 1119 1265 1184 deret,
1284 1120 1312 1172 in
1332 1121 1496 1172 securitatem
1518 1136 1594 1182 vero,
1613 1119 1662 1172 hoo
1681 1130 1770 1188 panim
1785 1120 1837 1172 nisi
1857 1119 1925 1172 intra
1944 1137 1992 1174 an·

308 1201 457 1258 restituitur
476 1203 515 1274 (2)
534 1201 661 1257 tritantur
680 1212 765 1256 umen
786 1200 884 1264 latum,
904 1203 926 1253 ei
947 1203 1005 1270 ipse
1023 1213 1124 1271 emptor
1174 1219 1236 1252 nom
1256 1202 1303 1252 dos
1322 1201 1480 1267 solueretur,
1500 1218 1540 1256 ces
1558 1202 1625 1256 dotis
1650 1203 1708 1254 loeo
1726 1203 1778 1268 sit,
1797 1201 1909 1256 tuntum
1928 1219 1991 1258 con-

309 1286 437 1356 pingnius
456 1287 570 1358 pretium
589 1285 695 1351 offeret,
713 1303 791 1354 qnam
810 1303 866 1338 rem
891 1285 1013 1338 omittere
1032 1287 1123 1353 malit,
1173 1287 1293 1347 cederet,
1310 1303 1343 1336 ex
1362 1297 1435 1354 pecto
1452 1285 1504 1338 isto
1522 1287 1589 1356 patri
1611 1303 1663 1338 non
1681 1295 1798 1340 curreret
1815 1284 1914 1351 fatum,
1926 1291 1988 1358 quie

312 1370 373 1438 quia
392 1369 477 1441 ipsius
495 1371 580 1440 potior
599 1379 734 1440 reputetur
745 1386 819 1421 censa
830 1369 948 1438 quamvis
965 1369 1125 1438 obligatione
1175 1368 1295 1436 iniquum
1320 1366 1468 1420 delrendsri
1494 1371 1589 1438 pactis.
1606 1371 1661 1433 (111)
1681 1372 1737 1422 llnc
1762 1369 1867 1438 quidem
1887 1383 1990 1426 certum

243 1523 251 1527 α
306 1453 456 1524 pinguioris
473 1455 555 1524 pretii
574 1471 668 1508 norum
686 1461 843 1506 contractum
861 1451 986 1503 celebrari
1014 1462 1128 1507 sutusnt
1175 1463 1232 1518 est,
1251 1454 1273 1506 si
1292 1465 1364 1524 peter
1383 1456 1506 1524 pinguem
1533 1453 1619 1506 dotem
1644 1451 1715 1507 filiae
1740 1454 1893 1508 concederet
1911 1459 1987 1524 cogi·

309 1538 353 1590 dd.
371 1537 411 1606 (3)
1176 1550 1247 1604 tuns,
1265 1549 1293 1591 et
1315 1547 1416 1592 tentum
1440 1540 1549 1592 caeteris
1566 1556 1595 1592 ae
1612 1537 1747 1602 dotatum,
1766 1536 1891 1591 defuncto
1916 1554 1990 1610 patro

344 1625 365 1689 5.
387 1626 412 1675 3.
431 1622 553 1692 Pignoris
572 1622 716 1677 Dominum
741 1639 792 1675 non
812 1617 883 1675 ellici
909 1621 1066 1678 creditorem
1085 1643 1126 1680 eo-
1176 1620 1231 1674 filio
1249 1640 1277 1676 se
1293 1621 1428 1676 abstinere
1441 1625 1513 1692 cupit
1533 1623 1817 1686 haereditate‚caeteri
1831 1623 1889 1676 lieet
1907 1625 1987 1680 liberi

310 1723 361 1778 qne
381 1724 429 1760 nec
447 1707 604 1778 disponendi
624 1706 772 1760 facultatem
792 1707 824 1760 de
842 1710 951 1778 pignore
970 1710 1064 1763 habere
1082 1729 1127 1764 ne·
1175 1725 1207 1760 ex
1226 1709 1325 1773 integra
1343 1707 1504 1760 tueretnne
1521 1707 1637 1774 legitima
1659 1706 1726 1757 solua
1745 1717 1844 1758 tantum
1864 1711 1987 1778 consequi

311 1791 411 1842 minero
436 1790 557 1851 dubitare
582 1790 697 1844 arbitror
721 1791 757 1854 (1)
777 1791 941 1860 paciscantur
971 1809 1049 1857 rero.
1073 1795 1126 1846 nisi
1176 1809 1228 1843 non
1252 1794 1370 1860 possint,
1390 1807 1441 1842 nnn
1468 1801 1567 1842 tantum
1592 1789 1680 1840 dotem
1707 1805 1759 1840 non
1779 1789 1897 1841 eorrlerre
1913 1805 1987 1842 cona-

310 1877 441 1928 ereditnrn
460 1873 531 1927 intre
550 1874 615 1928 dnos
635 1892 737 1927 menses
755 1878 971 1938 restituerunex
990 1879 1126 1948 justopre·
1176 1876 1300 1943 pellitur,
1318 1875 1363 1926 sed
1389 1883 1416 1926 et
1439 1875 1594 1942 promimur
1621 1872 1705 1925 dotem
1735 1872 1808 1924 omni
1829 1874 1993 1943 junceriget

310 1959 347 2011 tio
365 1959 495 2012 vendendi
509 1959 627 2029 pignoris
645 1959 802 2012 solutionem
821 1972 937 2030 repetere
956 1958 1050 2014 debere
1067 1977 1125 2014 ore·
1175 1958 1235 2029 (11)
1249 1961 1343 2028 ριιίιιῃ
1362 1961 1432 2010 enirn
1453 1975 1503 2027 qno
1516 1957 1579 2024 juris
1593 1953 1720 2010 beneficio
1733 1967 1816 2010 semet
1828 1975 1879 2010 non
1890 1971 1989 2025 exuat,

311 2037 444 2104 ditorem,
461 2039 547 2094 letales
566 2057 666 2093 menses
679 2041 823 2094 debitorem
839 2057 867 2093 re
880 2042 1016 2110 pignorote
1028 2053 1128 2098 eruunt
1177 2042 1280 2106 rideat,
1298 2058 1332 2094 ne
1351 2041 1485 2110 proposito
1504 2043 1568 2094 ratio
1586 2057 1630 2092 ιιιι
1657 2040 1771 2108 possitue
1787 2051 1890 2096 constet
1905 2053 1934 2097 ot
1951 2045 1991 2098 lu-

311 2125 479 2196 dnminiiqne
495 2127 596 2180 lneinnt
620 2137 754 2198 expertem
773 2126 813 2198 (5)
832 2129 902 2198 qnod
927 2130 1037 2184 evitabit
1054 2130 1128 2184 debi·
1176 2137 1236 2200 (ιιι
1254 2141 1312 2200 post
1327 2138 1419 2183 eaenta
1437 2127 1598 2198 imprudens.
1615 2123 1674 2194 (12)

314 2217 372 2276 tor,
390 2210 412 2262 si
431 2211 488 2280 ipse
505 2213 622 2282 pretium
640 2211 735 2266 offerat
752 2213 793 2266 rel
810 2213 904 2279 soleat,
918 2225 961 2268 ant
977 2213 1001 2266 sl
1019 2231 1052 2267 ex
1070 2232 1128 2285 pro·
1148 2262 1157 2281 ,
1589 2199 1592 2208 ¹

983 2376 1230 2448 CAPUT
1282 2380 1386 2450 V.-

588 2538 646 2608 De
669 2539 902 2610 declinatione
911 2541 1075 2627 futorum
1097 2541 1134 2608 in
1152 2541 1272 2634 primu
1294 2542 1463 2610 instantio
1479 2540 1714 2634 judicialium.

560 2717 582 2769 d
602 2720 630 2772 U
644 2716 682 2768 d!
693 2717 731 2768 M
743 2719 773 2770 A
790 2719 816 2771 ll
835 2719 896 2774 1A
1179 2735 1269 2787 perenn
1289 2715 1429 2770 methodos
1448 2717 1575 2788 exposuit,
1592 2737 1657 2790 quse
1675 2736 1725 2788 pro
1743 2719 1847 2774 diverso
1866 2741 1991 2794 processu

1179 2804 1349 2858 obserrantor
1366 2804 1550 2869 diversimode,
1567 2816 1595 2857 et
1612 2804 1717 2874 quidem
1732 2807 1770 2858 nti
1788 2805 1867 2860 latum
1888 2810 1928 2863 rel
1946 2811 1991 2862 ln·
2070 2860 2075 2872 ,
2131 2855 2135 2862 .

315 2884 464 2954 Quomodo
479 2880 577 2950 sotum
600 2881 654 2936 toti
674 2882 814 2953 processui
828 2883 974 2938 imminens
998 2885 1133 2940 eo'tetur?
1181 2897 1282 2956 tegrurn
1300 2884 1383 2940 elficit
1401 2905 1565 2957 processuro,
1591 2897 1620 2940 nt
1644 2889 1774 2942 sententia
1801 2891 1892 2962 elepso
1920 2891 1989 2959 leto,

350 2977 371 3032 §.
387 2973 410 3022 l.
1180 2972 1239 3040 ipso
1255 2973 1317 3038 jure
1332 2972 1412 3036 nulla,
1430 2989 1478 3026 nec
1496 2984 1549 3026 ncta
1569 2974 1671 3042 primae
1689 2975 1829 3028 instantiae
1851 2993 1932 3029 norae
1950 2977 1994 3029 in-

317 3052 461 3124 Quomodc
483 3048 624 3106 citationis
637 3047 727 3119 sotole
747 3059 805 3104 tom
823 3051 858 3104 ob
875 3061 965 3106 onore
985 3068 1066 3122 quom
1085 3067 1132 3106 reo
1180 3053 1327 3106 etitnendae
1345 3055 1448 3123 prosint
1465 3055 1505 3106 rel
1523 3065 1594 3106 actos
1613 3055 1731 3122 ejusdem
1751 3065 1836 3108 certos
1854 3059 1990 3111 concernit

348 3135 521 3191 declinetur?
533 3132 557 3205 5·
571 3136 598 3188 2.
1181 3145 1292 3199 tanturn,
1313 3139 1349 3190 its
1368 3137 1480 3190 latorum
1498 3137 1636 3192 declinatio
1662 3140 1731 3192 cirea
1750 3141 1848 3193 similis
1866 3149 1993 3194 versatur.

318 3221 379 3288 Qun
396 3220 502 3274 tutione
519 3222 549 3273 a'n
568 3219 653 3286 specie
672 3229 884 3276 actoremonens
901 3219 1132 3292 declinetsntum‚
1181 3221 1319 3274 Processns
1336 3223 1425 3275 omnis
1444 3223 1484 3276 rel
1507 3223 1696 3276 ecclesiasticos
1721 3224 1762 3280 rel
1786 3223 1911 3278 secularis
1935 3233 1993 3290 est,

349 3306 448 3372 etquid
458 3303 569 3357 termini
578 3301 791 3358 circumductio?
803 3311 824 3366 ς.
841 3307 867 3358 3.
1181 3317 1290 3378 nterqne
1306 3310 1346 3362 rel
1361 3309 1497 3362 ordinario
1515 3309 1554 3362 rel
1572 3308 1783 3363 extraordinsrio
1809 3309 1887 3362 modo
1911 3323 1993 3376 espo-

312 3389 443 3446 Ilemedio
454 3389 542 3443 cdltnc
552 3399 650 3444 contro
662 3391 788 3443 latentem
801 3401 930 3446 octonem.
943 3387 967 3462 5
981 3387 1008 3444 l.
1181 3390 1265 3455 ditur,
1283 3407 1337 3443 non
1353 3402 1425 3444 certo
1441 3391 1583 3443 monadum
1604 3393 1731 3462 praetorii
1748 3390 1815 3460 juris
1834 3391 1938 3455 ritum,
1962 3397 1994 3440 nt

318 3475 380 3541 Quo
392 3475 500 3528 tutione
513 3489 574 3528 reus
586 3472 758 3544 evitetfito?
770 3472 795 3543 5.
809 3475 834 3525 d.
1180 3475 1220 3527 rel
1237 3473 1295 3544 ipse
1311 3487 1433 3544 praetor,
1450 3475 1496 3545 qui
1517 3483 1605 3528 tamen
1622 3477 1652 3528 ln
1669 3476 1837 3546 pennissinrie
1854 3475 1890 3528 ob
1909 3477 1990 3540 maie·

318 3557 391 3626 Quid
407 3557 542 3612 mundato
554 3556 615 3611 aine
632 3558 768 3622 clausule,
781 3568 807 3613 et
823 3556 960 3628 quomodo
979 3558 1134 3614 evitentur?
1181 3569 1273 3612 statern
1289 3556 1378 3612 ollioii
1396 3560 1434 3612 sni
1455 3559 1483 3612 in
1501 3563 1574 3628 jure,
1588 3575 1679 3622 causas
1690 3558 1826 3612 decidebat
1841 3559 1995 3627 (1³),joot

351 3643 411 3709 §.d
1181 3655 1266 3709 curet,
1285 3645 1400 3698 ecloum
1426 3642 1537 3697 formul·
1562 3643 1595 3696 ad
1619 3641 1749 3712 pedaneos
1771 3641 1870 3708 jndices
1888 3658 1992 3694 ornem

321 3729 446 3798 Qualiter
463 3725 492 3779 in
515 3723 702 3783 declinatoriis
723 3727 927 3800 exceptionibus
947 3725 1134 3798 purgeturso·
1181 3726 1333 3779 amendarst
1350 3726 1419 3797 (11).
1434 3728 1492 3796 Quo
1504 3737 1623 3798 respecto
1643 3727 1740 3792 indicia
1757 3725 1844 3780 oannis
1862 3733 1937 3778 extro
1949 3741 1990 3778 or·

354 3823 410 3865 tuna
419 3813 433 3863 i
443 3811 466 3883 5.
478 3814 504 3866 'l.
814 3803 817 3810 ’
1182 3810 1271 3862 dinem
1284 3806 1344 3866 lieri
1355 3821 1505 3880 reputantur
1518 3811 1597 3864 hodie
1605 3811 1664 3881 (111)
1677 3811 1722 3863 sed
1736 3828 1768 3863 no
1782 3811 1861 3877 plena
1873 3826 1907 3864 en
1920 3825 1994 3860 eorn-

321 3897 446 3966 Quoliter·
457 3897 713 3967 inperemptoriis?
725 3898 748 3962 §.
763 3897 790 3948 8.
1185 3895 1266 3948 usaria
1285 3895 1437 3964 cognitione
1459 3895 1538 3961 judex
1564 3895 1694 3965 procedet,
1711 3893 1843 3946 dicuntur.
1863 3890 1894 3942 ln
1910 3891 1995 3944 eoele-

321 3979 465 4047 (tuomodo
479 3979 509 4031 in
525 3978 582 4030 litis
596 3973 817 4034 co'ntectotione?
829 3985 849 4040 ς.
865 3978 891 4030 ll.
1182 3978 1284 4032 siastico
1301 3975 1424 4050 p'rocessu
1442 3978 1501 4047 ipso
1518 3977 1568 4031 lati
1586 3977 1729 4031 declinatio
1746 3993 1798 4030 non
1818 3975 1916 4028 militat
1930 3991 1993 4044 ope·

321 4065 382 4130 Qua
394 4065 504 4118 notione
514 4062 702 4132 probatorium
713 4065 854 4118 terminum
867 4057 1135 4127 eliminatursnlum?
1182 4062 1283 4129 rosina,
1304 4064 1455 4134 plerumque
1472 4065 1545 4118 enim
1564 4065 1721 4117 summarius
1739 4073 1792 4127 est,
1816 4077 1864 4114 nen
1882 4059 1994 4113 ternam

359 4152 382 4210 ς.
394 4149 438 4198 111.
1182 4149 1267 4202 civilis
1284 4149 1349 4218 juris
1367 4150 1503 4204 obserrsre
1523 4160 1622 4203 tenetur
1635 4149 1713 4217 juder
1728 4149 1786 4214 (16)
1800 4147 1869 4200 node
1882 4145 1996 4215 qnando-

324 4231 468 4298 Quomodo
478 4231 782 4303 purgeturjoromentia
794 4227 965 4288 imminens?
976 4236 997 4293 5.
1013 4231 1056 4281 11.
1182 4250 1232 4301 qne
1250 4234 1338 4288 saltem
1357 4234 1512 4302 proceditur
1530 4234 1677 4296 ordinarie,
1696 4230 1780 4284 lutona
1799 4247 1860 4284 rero
1879 4228 1991 4290 nullibi,

324 4315 451 4384 Qualiter
464 4317 561 4388 fitunr
593 4317 623 4370 in
652 4316 835 4389 producendis
864 4314 973 4370 testibus
1001 4307 1136 4367 sistatur?
1183 4317 1237 4369 nisi
1256 4318 1345 4388 paucis
1363 4318 1390 4368 in
1410 4319 1512 4370 casibus
1530 4319 1663 4388 reperitur
1678 4318 1796 4370 'decisum
1812 4318 1876 4380 (l'l).
1886 4315 1942 4368 Nec
1966 4313 1995 4365 in

357 4407 380 4462 §.
394 4399 438 4454 12.
656 4437 659 4448 .
1183 4401 1294 4454 seculari
1312 4417 1434 4472 processu
1452 4402 1570 4454 moribus
1588 4400 1686 4454 nostris
1697 4400 1726 4451 in
1743 4398 1876 4461 uirilibus,
1894 4399 1996 4450 instan-

327 4483 423 4538 Judeae
434 4485 592 4558 inserendo
606 4483 739 4542 sententia
750 4485 953 4556 circumspectus
964 4485 1008 4536 eit.
1020 4488 1042 4545 ς.
1056 4483 1101 4535 13.
1186 4485 1238 4536 tine
1255 4482 1303 4536 leti
1322 4483 1464 4538 declinetio
1481 4483 1635 4552 defungitur
1644 4479 1744 4546 ollicio,
1762 4490 1791 4534 nt
1808 4497 1867 4534 rere
1884 4478 1945 4530 inde
1959 4479 1994 4528 ll·

1243 4567 1249 4579 '
1575 4569 1581 4582 '
1709 4567 1716 4616 i
1739 4583 1754 4616 n
1800 4563 1992 4616 excedentmo·

324 4653 348 4721 ς.
367 4655 395 4707 1.
414 4596 478 4706 Ad
497 4636 661 4722 judicialium
680 4649 792 4704 istorum
808 4649 1010 4706 declinationem
1029 4658 1058 4704 nt
1076 4666 1136 4722 pro·
1184 4564 1875 4720 pppprctauptnstppssspppepupppnhpppipiommgm
1892 4645 1996 4718 litigen-

350 4905 387 4966 (1)
401 4904 429 4950 L.
447 4903 485 4956 20.
502 4909 521 4963 ς.
540 4907 562 4953 1.
580 4907 605 4953 il.
620 4913 648 4956 ‹le
664 4913 721 4968 pact.
737 4907 806 4954 dolel.
1215 4901 1251 4964 (8)
1266 4903 1284 4948 l.
1301 4902 1324 4951 5.
1340 4919 1360 4952 c.
1377 4907 1404 4952 de
1418 4904 1446 4951 ll.

348 4977 386 5041 (2)
401 4979 429 5027 L.
442 4981 466 5029 1.
483 4986 556 5042 princ.
570 4983 595 5029 il'.
611 4983 640 5029 de
654 4985 765 5028 commiss.
783 4981 801 5027 l.
821 4982 843 5028 1.
860 4989 884 5026 et
901 4979 924 5027 3.
936 4997 955 5026 c.
972 4985 999 5028 cle
1010 4989 1068 5044 pact.
1079 4985 1139 5028 inter
1214 4981 1251 5042 (9)
1265 4981 1282 5026 l.
1298 4981 1341 5028 nlt.
1358 4997 1378 5025 e.
1393 4984 1421 5027 de
1436 4989 1494 5042 poet.
1510 4987 1597 5045 pignos.

319 5069 414 5122 emptor.
428 5061 509 5108 excell.
520 5063 579 5106 doro.
595 5061 682 5107 Praeses
693 5063 718 5106 in
729 5062 790 5122 disp.
804 5057 832 5106 da
847 5057 891 5118 leg·
907 5061 1018 5106 connisa.
1034 5061 1067 5104 el.
1081 5059 1104 5108 9.
1120 5061 1137 5107 l.
1215 5055 1269 5115 (10)
1285 5057 1302 5103 l.
1319 5053 1359 5105 27.
1373 5061 1392 5117 ς.
1408 5056 1433 5104 1.
1450 5059 1476 5105 ff.
1491 5061 1518 5105 dn
1534 5061 1613 5121 pactis.

319 5133 380 5180 duel.
394 5137 421 5182 de
435 5137 566 5198 praescript.
586 5131 625 5184 30.
641 5149 694 5180 nnn.
1213 5135 1266 5194 (11)
1281 5135 1367 5196 Nepos.
1383 5143 1440 5196 part.
1456 5138 1530 5197 princ.
1550 5134 1573 5182 1.
1584 5149 1607 5180 n·
1624 5129 1649 5180 8.

349 5209 387 5270 (3)
402 5210 430 5258 L.
445 5211 470 5258 4.
485 5217 504 5272 ς.
521 5213 564 5258 ult.
580 5211 608 5255 de
623 5211 668 5272 leg.
684 5211 793 5256 commiss.
808 5209 826 5256 l.
843 5207 882 5256 lin.
898 5209 918 5267 ς.
935 5207 977 5255 nlt.
994 5207 1023 5254 de
1040 5205 1136 5254 rescind.
1212 5204 1266 5264 (12)
1281 5207 1297 5252 l.
1314 5209 1357 5254 ult.
1373 5209 1397 5255 ll.
1412 5208 1530 5256 decollet.
1547 5209 1594 5254 dot.

319 5283 387 5332 vend.
401 5285 418 5328 l.
435 5279 667 5344 ennuntiatione
681 5283 764 5329 eddiot.
1214 5277 1266 5338 (13)
1282 5279 1365 5328 Godol.
1375 5284 1400 5328 in
1416 5282 1476 5343 disp.
1491 5283 1597 5329 nntirnlt.
1613 5279 1635 5328 3.
1651 5282 1686 5328 tn.
1702 5277 1741 5328 15.

351 5361 389 5418 (1)
402 5363 426 5406 d.
443 5362 460 5407 l.
477 5359 515 5408 72.
531 5361 559 5405 de
574 5361 674 5406 oontrslr.
690 5373 743 5406 vett.
1214 5353 1269 5412 (11)
1283 5354 1301 5399 l.
1317 5351 1340 5399 2.
1356 5357 1384 5402 ele
1400 5359 1479 5415 pedon.
1497 5355 1598 5416 podioli».

350 5433 388 5494 (5)
403 5451 449 5494 arg.
468 5435 484 5480 l.
503 5436 540 5480 11.
556 5451 577 5482 o.
595 5435 701 5480 innodati.
1213 5427 1266 5486 (15)
1282 5429 1367 5474 Gocdd.
1384 5430 1412 5474 sd
1428 5431 1445 5474 l.
1462 5429 1501 5478 31.
1516 5437 1536 5490 ς.
1555 5427 1592 5476 13.
1609 5429 1637 5475 de
1653 5430 1682 5475 V.
1699 5429 1723 5476 S.

349 5511 387 5566 (6)
403 5507 420 5552 l.
437 5508 462 5553 1.
484 5507 512 5553 de
535 5510 646 5569 pignoret.
663 5515 705 5554 eet.
722 5507 740 5552 l.
758 5505 818 5554 tuat.
836 5509 855 5566 ς.
873 5506 895 5554 1.
913 5519 932 5553 c.
949 5505 976 5552 de
990 5501 1043 5569 jure
1064 5505 1137 5568 inpe-
1215 5499 1268 5557 (16)
1280 5499 1376 5554 Mutant.
1395 5503 1420 5548 in
1435 5517 1494 5562 spec.
1507 5519 1530 5564 p.
1546 5502 1570 5550 4.
1586 5505 1639 5550 diet.
1654 5504 1678 5551 9.
1696 5521 1710 5550 o
1737 5501 1775 5550 tt.

322 5585 396 5630 trandi
407 5583 466 5630 dom.
1214 5575 1267 5638 (17)
1280 5589 1300 5622 c.
1317 5575 1356 5624 du·
1372 5575 1403 5623 tt.
1418 5577 1445 5624 de
1459 5575 1510 5640 jud.
1522 5575 1629 5627 Uinnius
1644 5581 1672 5628 sd
1687 5595 1785 5644 process.
1804 5577 1863 5639 disp·
1882 5577 1905 5623 1.
1923 5591 1944 5623 ιι.
1962 5573 2014 5624 15.-

351 5659 389 5720 (7)
403 5675 449 5722 rrp.
465 5660 481 5706 l.
496 5655 519 5706 2.
535 5676 555 5708 o.
572 5661 599 5708 de
616 5657 689 5705 annal.
706 5667 791 5722 except.
