4460 6208
907 203 1096 266 misturis.
1114 205 1172 262 tv.
1192 204 1308 264 CAPUT
1326 207 1361 262 ll.

974 381 1222 452 CAPUT
1276 381 1321 450 11.

459 557 498 628 D
508 585 525 628 e
537 558 700 652 personis
716 557 842 651 hospit.
859 563 961 627 actio.
975 571 1006 622 ct
1020 557 1189 648 passivor.
1203 581 1246 625 ac
1261 555 1490 647 acquisitione
1496 557 1557 648 jur
1565 562 1596 624 is
1612 552 1849 646 hospitalitas.

539 748 876 806 svhttAtttA

311 914 452 988 Quidjare
463 913 546 966 reteri
556 915 629 968 circo
642 909 1002 982 hospitiasuitiispositum.
1017 911 1064 961 Aa
1077 907 1127 958 ho·

341 999 386 1052 die
410 997 569 1051 eremiticam
594 1000 780 1067 hospitatum
802 997 909 1050 eottthet
934 996 1047 1048 liberum
1073 995 1125 1045 rit.

1150 723 1156 810 1
1179 743 1204 810 gt
1223 741 1356 814 potuerint
1375 739 1407 793 ail
1428 741 1595 811 reeipiendus
1613 739 1737 805 atlseoes,
1750 739 1845 808 reliqui
1862 740 2004 810 privilegio

1152 813 1157 860 1
1181 827 1280 879 isteristl
1299 826 1428 890 eretopti:
1448 825 1511 877 hinc
1532 827 1609 876 bota
1628 824 1714 875 albite
1735 826 1873 876 nonntttts
1892 828 2002 892 pr'sile·

1154 878 1158 954 1
1181 915 1252 982 giusu
1273 911 1328 963 ilari
1349 913 1423 973 solet,
1442 923 1470 964 ιιι
1488 915 1536 962 soli
1557 913 1598 978 jus
1617 908 1811 979 hospitalitatis
1825 911 1945 974 halseattt,
1958 911 2003 962 atl-

1155 1039 1158 1060 .
1181 1016 1212 1050 eo
1229 1007 1259 1048 ut
1275 1006 1302 1048 et
1321 997 1357 1048 rei
1370 1013 1395 1047 e.
1414 1011 1439 1062 g.
1451 995 1550 1057 iamai,
1564 992 1646 1046 tento
1658 995 1805 1057 cohaereat,
1818 993 1887 1064 qnosl
1901 1007 1928 1047 et
1942 1014 2002 1048 ιιιιι-

342 1079 1130 1152 Differentiaiutereuuponemathospis-publ.Doctoree
1155 1097 1159 1146 Ι
1183 1081 1319 1132 nusreule
1338 1078 1481 1132 «linitores
1501 1079 1675 1144 hospitatura,
1702 1087 1731 1127 ut
1750 1091 1798 1127 suo
1816 1077 1872 1128 loco
1891 1077 2005 1146 expliea-

342 1177 368 1224 et
376 1165 541 1235 professores
552 1184 590 1221 aa
600 1168 634 1219 ho
640 1167 744 1234 pitatit.
757 1167 999 1234 exercerepossint.
1006 1159 1130 1212 Limitat.

343 1251 366 1317 ς.
382 1254 406 1302 ι.
417 1252 442 1304 s.
456 1253 483 1302 ι.

307 1336 409 1390 Clerici
420 1335 455 1388 ab
468 1334 641 1402 hospitatura
654 1331 791 1386 obstinere
803 1331 915 1386 debent.
940 1328 1041 1382 Clerici
1051 1344 1129 1400 pere·

1157 1188 1158 1192 ¹
1181 1164 1255 1219 bitur
1274 1160 1368 1216 iosias.
1387 1161 1460 1214 Birt.
1477 1165 1506 1216 in
1524 1165 1542 1216 l.
1554 1161 1692 1232 rescripto.
1712 1165 1733 1220 ς.
1750 1163 1901 1217 set'eniam.
1920 1161 1956 1232 ff.
1973 1163 2007 1218 de

1183 1247 1316 1302 munerib·
1330 1257 1356 1298 et
1370 1246 1497 1299 honorii.

1216 1329 1239 1401 5.
1260 1333 1285 1384 3.
1302 1329 1408 1384 Nostris
1427 1331 1544 1384 moribus
1562 1329 1716 1398 hospitiarii
1737 1345 1833 1381 munus
1851 1347 1910 1385 esse
1934 1332 2003 1386 libe·

340 1421 448 1486 prinunr
460 1419 616 1471 cerevisiam
633 1421 750 1471 nesciere
764 1434 821 1469 non
834 1425 971 1469 teneatur.
986 1414 1129 1479 Depoeua
1156 1463 1159 1474 ,
1181 1435 1249 1478 etim,
1267 1425 1294 1470 et
1312 1417 1453 1484 unicuique
1471 1433 1601 1484 personae
1619 1431 1770 1470 concessum
1785 1417 1894 1481 sistetur,
1910 1419 1962 1470 nisi
1977 1421 2006 1472 in

343 1505 461 1558 illorum.
471 1506 514 1558 De
526 1505 589 1555 rino
599 1521 636 1555 ea
643 1499 856 1570 propriosuado
863 1512 994 1568 percepto.
1002 1500 1126 1552 tirones.

343 1589 386 1640 De
397 1605 502 1642 summu
517 1590 681 1640 necessitate.
694 1589 716 1652 §.
725 1586 750 1639 1.

301 1673 356 1753 1Λιι
369 1671 418 1734 illi,
431 1673 481 1739 qui
490 1671 559 1723 eires
569 1689 626 1724 non
637 1683 711 1735 tutat,
724 1671 917 1740 hospitatum
931 1679 1059 1719 caerem
1069 1677 1130 1732 pos·

342 1754 407 1808 siat.
418 1755 594 1826 Hospittuura
607 1767 645 1807 est
659 1757 807 1826 negotiatio
823 1753 917 1806 civilis.
939 1753 983 1804 Dc
1009 1747 1131 1820 peregri-

345 1839 389 1893 nis
403 1852 429 1894 et
440 1841 557 1892 advenis.
570 1847 593 1902 ς.
606 1841 629 1890 15.

310 1926 368 1993 Qui
374 1925 423 1978 rub
433 1936 581 1997 praetexta
595 1923 707 1995 hospitii
716 1933 807 1976 morto
821 1921 911 1984 olunt,
931 1933 988 1970 nors
1009 1925 1074 1967 tunt
1092 1925 1131 1966 to-

1156 1475 1160 1520 i
1181 1502 1270 1571 speeie
1290 1501 1436 1570 reperiatur
1453 1501 1618 1569 prohibitum
1636 1499 1788 1568 quibossiss
1807 1501 1868 1567 quia
1888 1503 2008 1566 scilieet,

1182 1595 1211 1636 ut
1230 1584 1287 1634 tat
1309 1587 1336 1636 in
1355 1601 1413 1653 cap.
1433 1587 1460 1634 1.
1480 1585 1601 1652 Reipubt.
1621 1586 1744 1647 interest,
1775 1585 1870 1636 hibere
1893 1587 2010 1654 hospitia

1183 1685 1233 1740 pro
1252 1668 1494 1738 peregrinantibus,
1515 1681 1542 1718 ut
1563 1678 1641 1719 tinctu
1661 1671 1700 1720 sel
1719 1666 1837 1722 interitio
1861 1669 2008 1724 divertant.

1181 1759 1201 1808 1.
1218 1751 1509 1821 t.l.noutaff.naut.
1531 1771 1605 1820 caup.
1625 1754 1744 1820 ltemque
1762 1755 1829 1806 bona
1856 1755 1958 1822 ingenii
1984 1765 2010 1808 et

1184 1841 1304 1892 fortuitae
1321 1843 1444 1890 acanthus
1462 1848 1584 1906 protenus,
1605 1835 1686 1889 retest
1705 1837 1857 1890 sntnettvt.
1870 1840 1908 1891 ad
1919 1837 2010 1909 §.flua

1183 1929 1259 1980 mina
1271 1926 1296 1997 j.
1311 1921 1345 1976 de
1357 1941 1379 1976 r.
1392 1921 1418 1972 sl.
1432 1939 1458 1973 ιι.
1475 1925 1517 1973 13.
1533 1924 1645 1976 Woltet.
1656 1925 1690 1976 tle
1703 1932 1796 1974 riserat.
1809 1939 1868 1992 cap.
1880 1923 1907 1974 s.
1925 1923 1947 1989 §.
1963 1924 2009 1974 28.

340 2009 453 2062 lerastii.
469 2012 512 2064 De
524 2027 613 2078 poena
624 2007 774 2061 exercentis
785 2000 1130 2071 lenocinium-'lvitww'fl
1183 2025 1206 2066 er
1223 2012 1333 2082 quilibet
1350 2011 1403 2061 sibi
1424 2008 1589 2060 cotnmotlnm
1614 2025 1739 2076 quiscere
1764 2021 1788 2062 et
1815 2010 1919 2075 negotia
1939 2009 2010 2062 licita

342 2095 373 2144 in
385 2105 472 2150 totum
486 2094 651 2162 extirpanda
666 2104 739 2148 tunt.
751 2093 774 2158 §.
796 2092 822 2144 b.

302 2178 370 2232 Sola
380 2179 515 2245 possessio
524 2179 617 2254 adjus
630 2179 773 2232 solitariae
785 2171 936 2242 hospitalit.
947 2187 1005 2224 nan
1017 2167 1130 2239 sufficit.

340 2265 498 2331 Hospitium
518 2265 668 2334 aedificare
682 2260 743 2316 lt'cet
754 2262 783 2314 in
797 2261 868 2324 heo,
882 2276 936 2329 quo
950 2255 1052 2309 nullum
1062 2255 1129 2322 suti.

342 2349 388 2401 De
396 2349 584 2415 prohibitione
595 2350 759 2420 acquireretis
771 2357 798 2401 et
809 2343 962 2416 patientias
977 2339 1130 2414 prohibiti.

306 2518 352 2570 De
362 2520 558 2584 annotatione,-
569 2518 695 2591 illiuspte
704 2516 870 2591 probatione
880 2525 906 2570 et
914 2513 1129 2587 praesumptione

344 2601 478 2655 utilitatis.
491 2600 515 2672 5.
529 2604 556 2656 8.

308 2683 353 2736 De
365 2686 540 2755 acquisitione
545 2687 605 2760 jur.
624 2689 747 2742 solitaria
768 2685 915 2755 hospitalit.
933 2701 983 2754 per
999 2684 1129 2752 praescri·

340 2771 473 2841 ptionem.
491 2773 563 2840 Quid
576 2774 704 2826 etlilium
719 2774 874 2844 requiritur.
893 2771 924 2824 Si
931 2771 1127 2837 possessionem

342 2855 416 2906 salit.
428 2855 538 2926 hospitii
545 2858 715 2923 prohibendo
729 2859 839 2927 quidam
854 2858 1001 2926 aequisivit,
1012 2874 1052 2907 on
1065 2855 1129 2906 talis

341 2940 489 3006 prohibitio
502 2951 528 2994 et
537 2940 670 3011 patientia
682 2941 881 3010 prohibitorum
901 2937 1012 3012 reliquis
1028 2937 1129 2990 ciuibus

344 3035 454 3076 noceat.
468 3019 490 3094 5.
506 3025 532 3076 3.

308 3105 352 3160 De
360 3107 540 3176 acquisitione
549 3129 599 3178 per
609 3107 800 3180 privilegium,
820 3107 943 3164 ultimam
963 3107 1129 3160 voluntatem

343 3201 371 3243 et
382 3203 561 3246 contractam.
575 3191 600 3264 5.
613 3195 653 3246 to.

308 3275 353 3327 De
364 3279 493 3344 personis
506 3295 572 3346 quas
594 3280 625 3330 in
645 3275 826 3332 diversorium
848 3273 964 3346 recipere
984 3289 1041 3327 non
1065 3273 1132 3328 licet.

343 3365 426 3422 §.11.
443 3361 718 3416 12.13.11.15.1θ.

307 3443 356 3496 An
370 3443 477 3500 ludaei
486 3447 543 3498 tint
555 3447 709 3516 recipiendi.
721 3447 745 3514 §.
761 3449 804 3500 tt.

310 3617 333 3674 ς.
355 3614 381 3664 1.
401 3543 555 3666 Quamvis
573 3612 680 3673 obiter,
697 3612 761 3681 quitl
780 3613 836 3679 jure
853 3610 932 3664 reteri
951 3611 1021 3662 circs
1045 3609 1133 3679 hospi-

311 3706 412 3748 taturus
428 3700 470 3766 jus
488 3698 658 3748 constitutum
678 3695 760 3748 luerit
778 3697 928 3764 attigerint,
956 3696 1132 3746 nihilominus

309 3794 364 3830 nou
384 3779 514 3849 ingratum
535 3779 590 3834 iure
608 3770 732 3845 aritinus,
755 3781 776 3832 sl
796 3783 893 3849 paucis,
912 3781 1041 3849 quomoslo
1060 3781 1130 3831 insa·

310 3861 401 3928 luerit,
419 3865 450 3916 sd
471 3873 688 3929 aestimatores,
708 3879 867 3934 persequar;
885 3874 912 3917 et
936 3864 1042 3932 quidem
1072 3859 1119 3914 inii

310 3945 364 3997 cist
382 3947 422 3999 ire
440 3947 572 4000 nerninem
593 3955 668 4015 puto,
688 3949 768 4015 primi
788 3949 847 4000 aeri
867 3947 1032 4017 temporibus
1051 3945 1134 4016 publi·

309 4045 340 4083 ee
358 4031 473 4103 hospitia
493 4050 540 4085 usu
555 4031 704 4100 neutiquam
719 4045 829 4099 serrata,
843 4034 888 4086 sed
903 4035 1075 4084 diversorium
1091 4049 1134 4100 pu·

309 4119 381 4188 regri
402 4131 503 4182 antem,
522 4135 652 4189 quemque
673 4119 830 4171 indistincte
850 4121 969 4170 moleste
988 4117 1133 4169 tentem·

1182 2113 1305 2148 exercere
1323 2109 1417 2165 potest.
1436 2095 1512 2165 Quasi
1533 2094 1692 2146 exercitium
1722 2091 1898 2161 hospitaturus
1924 2108 2007 2160 neque

1181 2181 1356 2254 optisnstibus
1375 2182 1455 2234 boslic
1475 2183 1639 2252 prohibitum
1658 2197 1717 2232 esse
1735 2191 1864 2241 cometus,
1876 2179 1938 2230 ι1ιιιιι
1952 2199 2007 2232 ma·

1179 2286 1228 2337 gna
1247 2265 1395 2320 differentis
1414 2268 1485 2320 inter
1502 2281 1654 2336 cauponem,
1673 2266 1718 2334 qui
1740 2264 1895 2332 regulariter
1908 2274 1935 2316 et
1947 2281 2008 2333 pro·

1180 2352 1236 2422 prie
1253 2350 1297 2404 ein
1318 2351 1426 2422 Kriiger
1443 2365 1554 2415 uocatur,
1574 2363 1601 2403 ιιι
1621 2352 1649 2401 in
1666 2366 1689 2402 c.
1711 2353 1736 2402 1.
1760 2345 1786 2419 5.
1813 2352 1839 2400 3.
1865 2348 1964 2402 dietam
1981 2361 2010 2404 et

1182 2437 1226 2488 dn.
1244 2436 1355 2489 Metius.
1373 2436 1412 2489 oti
1421 2437 1470 2509 jur
1489 2437 1542 2490 iub.
1560 2435 1605 2487 lib.
1625 2437 1650 2487 3.
1667 2444 1718 2486 art.
1742 2435 1783 2485 11.
1798 2451 1827 2501 p.
1841 2433 1903 2487 stt.
1918 2451 1944 2486 ιι.
1957 2438 2007 2486 11.

1182 2522 1213 2574 Et
1232 2522 1329 2576 deintle
1349 2523 1418 2574 inter
1437 2522 1630 2590 hospitaturuns
1650 2520 1780 2590 publicam
1801 2531 1826 2572 et
1853 2520 2004 2576 honestam.

1180 2606 1246 2659 Nssn
1266 2617 1295 2659 ut
1312 2608 1438 2667 elisimus.
1460 2607 1531 2658 tttnn
1559 2607 1692 2657 rationem
1710 2617 1735 2657 et
1761 2608 2005 2674 prrestssnptiooetn

1181 2695 1274 2748 mulam
1294 2693 1322 2745 in
1342 2695 1397 2758 jure
1416 2689 1562 2752 intitulatam,
1582 2706 1614 2742 ex
1633 2689 1650 2741 l.
1672 2693 1696 2740 1.
1706 2687 1747 2756 ff.
1761 2700 1833 2743 naut.
1846 2709 1926 2758 caup.
1951 2710 2004 2744 non

1180 2799 1238 2834 esse
1255 2780 1446 2832 extenileuilatn
1466 2775 1497 2829 sel
1517 2775 1633 2844 hospites
1652 2775 1794 2829 hodiernos
1811 2778 1939 2847 publicos,
1962 2781 2009 2831 ael·

1181 2868 1231 2918 huo
1250 2865 1368 2934 pluribus
1387 2862 1474 2913 evinci
1495 2873 1589 2929 posset:
1608 2859 1838 2926 alludentium,
1857 2863 2009 2929 registoriter

1181 2965 1302 3002 exercere
1319 2945 1504 3014 csupnnsrism
1525 2955 1636 3006 tautum,
1662 2942 1814 2998 Weiss-und
1830 2947 2012 3004 Bier·Gneste

1180 3048 1276 3096 reaten,
1294 3032 1378 3096 aliud,
1398 3031 1478 3082 etiam
1500 3029 1616 3096 recipere
1630 3027 1755 3097 hospites.
1772 3029 1836 3081 latie
1852 3031 1935 3083 etium
1948 3050 2008 3100 pro·

1182 3117 1326 3172 sessoribus
1344 3128 1368 3168 et
1386 3115 1541 3167 doctoribus
1560 3115 1588 3164 in
1608 3114 1758 3175 scatentis,
1779 3113 1837 3166 licet
1865 3115 1893 3166 in
1918 3117 2007 3168 omni·

1183 3206 1230 3258 bus
1247 3202 1302 3255 iere
1320 3200 1526 3270 aequiparentur
1544 3198 1661 3259 clericis,
1672 3197 1768 3267 quibus
1787 3199 1890 3266 negotia
1910 3201 2006 3252 seculi·

1182 3286 1221 3338 riu
1241 3283 1389 3356 prohibita,
1408 3299 1530 3335 exercere
1549 3293 1635 3334 tamen
1655 3279 1800 3351 hospitium
1821 3281 1953 3350 publicum
1974 3285 2009 3336 li·

1183 3371 1262 3421 citum
1282 3387 1338 3423 esse
1358 3368 1462 3438 probari
1484 3367 1575 3436 possit,
1594 3365 1700 3418 etiarnsi
1721 3383 1781 3418 men
1799 3365 1898 3434 judicio
1921 3385 2003 3434 quun·

1182 3453 1266 3520 (loque
1285 3452 1378 3506 melius
1396 3450 1502 3512 fucinus,
1523 3451 1544 3501 si
1561 3466 1588 3502 se
1606 3449 1776 3512 abstineant3
1796 3449 1915 3518 quamtis
1934 3452 2007 3506 aliud

1183 3535 1228 3597 sit,
1247 3533 1357 3586 brusare
1376 3533 1528 3586 cerevisiam
1549 3533 1579 3582 asl
1599 3532 1777 3594 renitendum,
1789 3533 1821 3583 sil
1842 3534 1960 3602 huncque
1972 3531 2006 3586 li·

1184 3634 1243 3667 nem
1267 3617 1440 3670 tantutumoslo
1459 3631 1579 3684 coquere,
1598 3615 1661 3666 tlatt
1688 3633 1720 3668 er
1743 3615 1903 3682 t'iffentliche
1928 3617 2009 3668 Bier·

1184 3703 1242 3753 und
1264 3701 1341 3754 Wein
1360 3701 1458 3754 Gueste
1482 3709 1569 3764 seruet,
1598 3711 1628 3752 ut
1654 3699 1804 3772 Spes-ibim.
1827 3711 1929 3768 quaest.
1950 3700 2010 3769 jur.

1184 3799 1287 3843 centur.
1308 3789 1333 3840 2.
1349 3790 1429 3841 class.
1450 3790 1473 3837 1.
1495 3789 1519 3839 2.
1540 3789 1640 3840 sentire
1663 3786 1777 3851 ridetur,
1793 3786 1865 3837 aliutl
1885 3785 1917 3837 ati
1933 3803 2008 3840 osuin

1185 3875 1363 3943 hospitaturse
1382 3875 1477 3926 solum.

1220 3965 1243 4022 ς.
1262 3958 1286 4012 1.
1307 3958 1459 4011 brcerlotes
1478 3973 1548 4018 sero,
1566 3954 1787 4026 qnemstlmoslom
1816 3952 1893 4009 rebus
1918 3953 2008 4022 prois-

1185 4045 1227 4096 nis
1247 4045 1396 4098 immiscere
1416 4060 1442 4096 se
1462 4061 1512 4094 non
1533 4043 1639 4103 debeat,
1659 4053 1678 4096 t.
1692 4053 1710 4092 t.
1725 4060 1759 4093 ne
1770 4039 1864 4093 clerici
1884 4038 1926 4090 rel
1950 4057 2006 4089 mo·

1187 4129 1267 4180 nociti
1277 4128 1443 4180 secularibus
1456 4137 1546 4196 negor.
1558 4143 1587 4178 te
1598 4125 1710 4178 immiso.
1732 4126 1767 4177 its
1792 4139 1840 4175 nec
1865 4122 2008 4190 hospitetu-

311 4219 356 4266 ιιι,
374 4207 493 4272 ιιιιειιιιὶι
512 4207 596 4255 libere
615 4203 718 4272 roganti
739 4203 917 4255 concessisse.
937 4201 983 4252 So
1002 4199 1133 4252 Osirotles
1186 4233 1229 4268 m
1249 4231 1343 4266 mum„
1363 4214 1495 4284 ,ΜΡΝ
1514 4214 1609 4274 intent,
1638 4211 1754 4281 {quaque
1779 4225 1919 4270 exercere,
1944 4206 2007 4260 dum

312 4285 410 4339 Gm·
430 4288 474 4339 ²⁴·
492 4306 517 4338 ¹·
536 4289 581 4339 ²3·
599 4289 723 4356 “lium-
745 4288 788 4338 ²9·
810 4297 891 4337 ”⁰¹²⁸
911 4285 1054 4356 'mimum
1066 4284 1133 4351 ΡθῙῘῑ
1186 4299 1249 4350 illusi
1269 4297 1358 4370 (licet
1376 4297 1504 4366 primario
1518 4297 1548 4346 nt
1565 4295 1703 4348 utilitatem
1719 4307 1744 4346 et
1760 4293 1940 4346 necessitatem
1956 4291 2007 4344 rei·

313 4372 470 4425 Abrahoasi
486 4389 576 4430 servus
588 4385 655 4444 pata
668 4391 717 4439 pro
730 4371 924 4425 conseretudiae
936 4373 993 4445 ep'ur
1005 4371 1135 4438 temporis
1186 4383 1254 4448 publ,
1272 4393 1300 4432 „1
1317 4401 1372 4452 up,
1393 4382 1434 4444 1,)
1456 4377 1608 4431 „equanto
1620 4380 1653 4430 „d
1670 4396 1744 4430 ...um
1760 4377 1928 4446 temporum„
1942 4394 2005 4445 quo.

311 4457 378 4509 tntis
390 4459 547 4519 verecundo
561 4475 617 4508 nou
636 4455 707 4508 enim
721 4467 779 4507 tum
793 4455 902 4522 publica
915 4457 1030 4522 hospitio
1042 4458 1069 4505 ia
1083 4471 1132 4508 usu
1184 4483 1234 4535 que
1252 4475 1357 4536 ,poeiflq
1376 4483 1389 4514 a
1407 4461 1503 4531 quibus
1521 4479 1548 4512 ,ρ
1568 4461 1700 4513 ‚tatium
1719 4458 1811 4510 debon
1826 4459 2003 4522 vehomenter,

243 4581 248 4592 .
313 4551 402 4592 erant.
421 4539 477 4591 lttto
492 4539 669 4608 Eripittttluetts·
682 4539 733 4590 isle
748 4539 814 4592 lud.
830 4543 873 4590 111.
888 4540 988 4591 Glbese
1001 4555 1131 4609 uunquam
1185 4555 1299 4622 hacque
1319 4547 1462 4614 negtslintio
1481 4545 1589 4614 politicis
1609 4553 1634 4595 ei
1654 4541 1741 4593 1111111
1760 4557 1816 4593 eise
1836 4539 1954 4604 vitietur,
1973 4541 2005 4591 atl

314 4623 362 4676 3111)
380 4625 450 4676 coeio
469 4636 623 4694 [tetstocltste
643 4628 760 4676 tinimttttt
790 4624 959 4686 intiuxisset,
986 4625 1008 4675 bi
1033 4624 1131 4676 ibitletts
1184 4639 1285 4690 lup-rum
1306 4643 1493 4700 quggqtumque
1510 4628 1588 4681 ‘illm
1608 4625 1760 4678 secundario
1779 4625 1885 4675 dimin,
1909 4622 2007 4693 speck-

217 4710 220 4715 ’
315 4707 458 4776 hospitium
480 4709 612 4779 publicum
634 4727 680 4778 pro
707 4711 935 4778 peregrinantibus
956 4707 1049 4762 luisset
1075 4727 1134 4760 curi·
1187 4721 1247 4772 tun,
1266 4728 1334 4770 cent,
1354 4715 1379 4765 2,
1397 4714 1478 4764 class.
1499 4715 1523 4762 1.
1543 4729 1570 4760 ιι.
1591 4711 1636 4760 11.
1654 4709 1723 4762 uuile
1741 4709 1788 4760 etsi
1818 4706 2004 4759 honestissime

315 4793 448 4843 stitutum.
471 4795 509 4844 lte
527 4793 669 4844 Germanis
691 4793 764 4848 Lusis.
791 4805 856 4850 oret.
885 4798 909 4846 1.
934 4811 981 4863 pro
1007 4793 1133 4846 Gestaris·
1189 4803 1222 4854 rit
1244 4798 1399 4866 negotiatio,
1418 4807 1447 4849 ut
1474 4795 1502 4847 in
1528 4813 1584 4862 enp.
1609 4794 1634 4845 3.
1652 4804 1677 4846 et
1696 4791 1744 4845 ult.
1765 4811 1795 4844 τε.
1821 4810 1855 4844 ne
1878 4791 1941 4844 cler.
1961 4791 2008 4843 vel

316 4893 373 4943 pig.
392 4893 426 4928 m.
447 4880 464 4928 't'
470 4881 492 4926 t.
512 4877 608 4929 rulers:
630 4880 764 4931 Geraroni
775 4897 968 4950 poeniceusque
980 4879 1135 4930 mortalium
1185 4885 1312 4938 thanach.
1329 4881 1410 4933 recol.
1428 4881 1473 4930 ubi
1494 4895 1540 4930 nec
1558 4881 1645 4945 legum
1665 4877 1783 4932 civilium
1802 4887 1843 4929 out
1859 4875 2006 4928 medicinae

315 4963 763 5035 arceretectanesosputabamur,
788 4963 979 5034 prosortutta
1004 4979 1133 5035 quemque
1185 4969 1271 5021 attritio
1291 4967 1344 5018 illis
1364 4963 1567 5035 permittuntur.
1585 4963 1701 5016 vastent.
1720 4957 1829 5015 addici.
1844 4961 1883 5012 tit.
1895 4979 1969 5014 num.
1980 4961 2027 5034 2.,

315 5051 453 5104 advenam
466 5052 604 5122 apparatis
616 5051 701 5120 epulis
714 5051 875 5118 excipiente,
893 5051 1019 5114 neruine,
1042 5061 1135 5100 notum
1185 5053 1321 5106 abstinere
1339 5059 1425 5103 tsruen
1446 5049 1506 5100 illos
1527 5047 1607 5108 docete
1631 5046 1713 5100 multo
1738 5044 1826 5096 minos
1852 5037 1944 5095 atficta
1968 5043 2007 5096 rel

316 5137 497 5207 spirarumque.
514 5147 645 5206 quesitum
657 5133 748 5209 adjus
758 5133 873 5203 hospitii,
886 5133 1061 5186 discernente·
1186 5135 1342 5190 tommereis
1356 5133 1482 5186 seotslsris
1496 5147 1617 5184 exercere
1631 5137 1746 5200 possunt.
1766 5145 1791 5180 c·
1802 5125 1893 5180 cleriei
1913 5127 1954 5178 lb.
1973 5126 2007 5181 de

353 5227 374 5283 §.
394 5223 419 5273 2.
438 5225 615 5276 Reatinorum
636 5221 753 5272 moribus
771 5220 877 5289 qntten
895 5219 985 5272 oneris
1008 5216 1066 5269 loco
1090 5216 1132 5268 ho
1186 5220 1228 5274 oh.
1241 5231 1266 5272 et
1279 5219 1382 5270 honest.
1398 5216 1485 5270 cleric.
1500 5216 1593 5269 Simon
1607 5213 1701 5267 Pistor.
1720 5227 1797 5265 cons.
1816 5211 1842 5263 3.
1867 5229 1911 5280 pu.
1931 5209 1957 5261 3.
1978 5231 2007 5264 ιι.

315 5306 399 5374 spites
418 5305 566 5374 recipienti
588 5318 682 5354 munus
709 5301 846 5367 bibitum,
867 5305 906 5355 uti
932 5302 1055 5370 colligere
1078 5313 1133 5354 est.
1188 5305 1231 5356 lb.
1246 5303 1303 5355 vol.
1315 5303 1340 5354 2.
1355 5297 1609 5366 ‹inmersumquotl
1625 5296 1734 5350 bisceet
1747 5294 1882 5349 similibus
1895 5293 2007 5366 rsepotiis

316 5408 377 5459 arg.
390 5391 408 5440 l.
422 5391 447 5441 3.
461 5397 483 5451 1.
495 5405 543 5442 eor
558 5389 655 5442 srtiiites
669 5388 686 5440 l.
693 5385 749 5456 fin.
761 5393 784 5451 §.
794 5397 884 5454 penei
895 5387 942 5440 ult.
946 5385 989 5454 ff
1001 5387 1033 5437 «le
1047 5401 1135 5436 mune·
1186 5409 1199 5440 a
1213 5387 1434 5454 contemplatione
1446 5395 1469 5436 et
1488 5382 1637 5450 spiritualis
1663 5381 1732 5434 ritae
1756 5379 1943 5444 institutione,
1963 5377 2005 5432 oui

317 5477 369 5528 rib.
382 5478 398 5528 l.
413 5483 438 5530 t.
450 5495 473 5527 c.
487 5478 519 5527 tle
531 5479 608 5538 episc.
619 5489 644 5527 et
658 5477 719 5528 cler.
730 5475 750 5527 l.
764 5475 807 5525 10.
820 5482 842 5537 §·
857 5469 1081 5541 angariornmff.
1101 5475 1134 5524 da
1188 5474 1325 5539 mancipati
1342 5481 1408 5532 sunt,
1421 5480 1593 5522 succentore.
1606 5465 1732 5518 ductant
1747 5465 1790 5516 12.
1803 5483 1828 5534 q.
1843 5467 1866 5518 1.
1887 5475 1911 5517 et
1927 5481 2006 5516 necno

317 5571 411 5616 vacat.
425 5580 529 5615 rnnner.
546 5561 650 5614 Besold.
665 5560 692 5612 iu
707 5562 817 5631 theopr.
829 5559 898 5612 oerb.
916 5561 993 5612 Gart.
1006 5575 1094 5609 rerum
1106 5556 1134 5608 it
1188 5557 1314 5609 militabit
1335 5554 1399 5617 Deo,
1417 5553 1438 5606 si
1459 5549 1656 5606 sermonibus
1679 5550 1798 5618 implicet
1820 5547 1944 5614 negotiis.
1961 5549 2004 5599 iu-

317 5665 350 5700 eu
369 5657 467 5700 tuntum
488 5654 598 5720 spectet,
616 5655 644 5698 ut
664 5664 714 5714 pro
733 5661 779 5698 usu
794 5643 906 5714 reipubl.
919 5641 965 5696 isti
981 5653 1081 5697 tuntum
1094 5661 1133 5698 co·
1185 5644 1242 5714 quit
1254 5651 1335 5713 apost.
1351 5641 1378 5694 1.
1390 5637 1422 5692 ιιι
1436 5637 1508 5689 Tim.
1520 5635 1545 5690 t.
1558 5651 1583 5688 e.
1598 5637 1622 5690 1.
1637 5643 1663 5688 ιι
1677 5632 1703 5688 1.
1715 5649 1747 5687 e.
1768 5633 1831 5688 dict.
1843 5632 1883 5686 tit.
1903 5631 2002 5686 necle·
