4450 6220
567 567 900 646 DISPUTATIO
918 571 1183 652 Vtunssstts
1202 575 1449 654 SECUNDA

172 796 281 910 llll
318 791 967 912 cunctetuntttnn
1000 797 1099 912 illl
1132 797 1836 918 nsnnnnuttuttttttun

721 1063 763 1106 an
785 1065 863 1110 men
877 1041 908 1112 6.
933 1065 1058 1114 trusere
1079 1070 1110 1114 a.
1135 1071 1286 1122 mxu.

892 1271 948 1314 m
968 1274 1122 1322 mmm

564 1442 918 1512 tnnnnts
980 1444 1444 1534 MAURI'I'IUS,

862 1641 989 1700 utnon.
1007 1644 1145 1702 tttnctt.

787 1934 1238 1979 m*-

815 2203 844 2276 1.
872 2203 915 2280 N.
942 2207 986 2281 D.
1012 2209 1059 2286 N.
1083 2209 1116 2281 J.
1143 2211 1184 2284 C.

161 2377 338 2557 ¹Armis
358 2506 399 2558 ae
417 2479 556 2582 legibus
573 2474 726 2580 populus
744 2497 915 2558 romanos
939 2477 1082 2568 claruit,
1106 2479 1168 2554 sed
1194 2504 1267 2554 uon
1289 2507 1415 2583 parem
1449 2487 1620 2584 utrinque
1647 2485 1732 2558 inde
1761 2487 1834 2585 glo·

9 2631 12 2640 ·
162 2592 262 2661 riam
280 2583 431 2684 adeptus
443 2597 506 2656 est.
533 2581 633 2654 Bella
651 2599 754 2677 saepe
770 2577 904 2676 injusta
926 2575 1071 2679 injustis
1088 2603 1132 2650 ex
1145 2585 1260 2656 causis
1278 2599 1524 2680 susceperunt,
1542 2609 1633 2682 quae
1650 2583 1833 2660 latrocinii

162 2687 417 2786 potiusquam
436 2681 523 2754 belli
542 2703 679 2752 nomen
697 2690 920 2749 mernerunt.
940 2685 989 2750 At
1009 2675 1160 2774 legibus,
1177 2680 1274 2780 quod
1292 2689 1403 2754 armis
1423 2709 1493 2755 non
1520 2699 1733 2782 potueruut,
1755 2686 1830 2784 glo-

162 2790 242 2858 riae
263 2783 445 2880 fastigium
463 2781 643 2854 consecuti
659 2791 753 2849 snut.
776 2777 914 2849 Omnes
935 2785 1157 2878 quicumque
1175 2781 1274 2856 suere
1299 2781 1524 2873 mortalium,
1543 2797 1619 2854 tem
1638 2785 1714 2881 piar
1726 2838 1737 2874 ,
1755 2801 1833 2862 tam

162 2889 292 2990 justas,
310 2893 460 2982 tamque
477 2880 650 2953 salutares
669 2879 761 2976 leges
777 2876 1022 2952 condiderunt
1040 2902 1244 2980 nunquam,
1267 2895 1305 2953 et
1331 2884 1394 2954 vix
1413 2887 1656 2982 imposterum
1674 2887 1832 2984 promul-

163 2983 315 3086 gabunt.
334 2983 600 3056 Testimonium
620 2980 667 3053 de
684 3004 725 3050 eo
754 2977 945 3078 deponunt
963 2993 1043 3054 tum
1062 2981 1124 3053 elii
1144 2983 1267 3073 multi,
1287 2995 1367 3056 tum
1388 2988 1452 3081 ipsi
1473 3007 1616 3082 quoquc
1632 2985 1748 3056 sancti
1767 3011 1827 3084 pa·

166 3101 253 3160 tres.
281 3085 513 3181 Augustinus
528 3093 636 3170 certe,
651 3103 725 3178 per
745 3081 927 3179 populum
950 3101 1159 3172 romanum,
1186 3087 1254 3172 cit,
1277 3086 1425 3181 placuit
1451 3083 1532 3155 Dec
1557 3095 1749 3156 terrorum
1772 3107 1832 3156 or·

162 3185 251 3260 bem
276 3183 476 3272 debellare,
501 3195 545 3253 ut
570 3185 612 3254 in
638 3203 754 3252 urium
779 3184 993 3253 societatem
1020 3181 1248 3278 reipublicae
1274 3186 1472 3282 legumque
1495 3182 1737 3284 perductum,
1755 3187 1832 3256 ton·

163 3311 211 3386 ge
241 3290 391 3384 lateque
411 3295 587 3383 pucurct5
613 3285 714 3378 leges
740 3285 839 3352 euim
867 3281 1118 3354 Romanorum
1135 3284 1320 3357 divinitus
1332 3307 1404 3381 per
1420 3307 1487 3354 oro
1500 3285 1722 3382 principum¹
1734 3307 1831 3356 ema·

164 3399 335 3458 narunt.
363 3387 413 3455 Et
440 3381 531 3454 illud
562 3381 719 3480 prolecto
743 3393 818 3470 est,
846 3379 986 3480 dequo
1021 3385 1131 3454 etiam
1158 3387 1232 3482 jem
1258 3398 1427 3454 contusus
1452 3381 1537 3454 licet
1569 3395 1606 3452 et
1638 3403 1741 3484 aeger
1767 3389 1836 3454 im·

166 3487 259 3588 perii
286 3486 433 3582 spiritus
458 3510 498 3555 su
527 3481 644 3554 erbire
671 3493 796 3582 potest.
825 3480 976 3552 Etenim
1007 3485 1041 3552 vi
1070 3481 1237 3580 ferroque
1263 3483 1468 3580 provincias
1492 3495 1529 3551 et
1564 3501 1671 3574 regua
1711 3507 1836 3554 consu·

167 3609 271 3660 mere
298 3609 338 3656 sc
364 3582 432 3655 eibi
458 3507 647 3682 suijicere,
674 3609 692 3654 a
719 3587 877 3676 corporis
902 3580 1026 3652 robore
1054 3585 1168 3696 iringis
1195 3605 1304 3680 quam
1331 3607 1351 3654 a
1380 3580 1518 3654 ratione
1536 3595 1578 3652 'et
1604 3577 1738 3678 judicio
1754 3607 1833 3680 pro-

169 3695 312 3773 msnnt,
342 3683 479 3782 hocque
505 3707 588 3754 com
615 3684 763 3756 caeteris
789 3681 922 3752 muudi
948 3682 1130 3792 imperiis,
1166 3680 1298 3780 popolo
1332 3705 1481 3753 romano
1513 3701 1707 3753 commune
1741 3681 1832 3755 luit.

168 3787 285 3880 Leges
311 3798 431 3855 autern
457 3781 624 3866 condere,
648 3778 797 3877 orbique
825 3793 1001 3850 terrarum
1029 3801 1231 3881 imponere,
1244 3779 1328 3852 solie
1343 3779 1514 3854 llomsnie
1528 3779 1679 3854 coelitus
1696 3782 1831 3858 datum

173 3909 215 3959 ac
245 3907 451 3956 concessum
474 3897 540 3954 est.
567 3881 623 3952 Sic
649 3881 823 3980 gloriatur
852 3879 1043 3978 Virgilius:

450 4028 513 4106 Tu
540 4049 668 4126 regere
693 4029 847 4126 imperio
868 4032 1028 4124 populos
1054 4031 1221 4110 Romane
1247 4051 1444 4126 memento,

448 4155 531 4230 Hoc
557 4153 626 4228 tibi
652 4167 767 4226 erunt
792 4174 914 4240 arces,
936 4165 1097 4257 pacique
1123 4163 1308 4259 imponere
1333 4183 1472 4231 nomen.

173 4311 289 4382 Tanta
318 4310 521 4382 veruinast
547 4331 695 4380 romano
722 4309 789 4408 juri
815 4309 996 4397 sanctitas,
1024 4317 1123 4376 tanta
1150 4307 1309 4404 aequitas
1334 4321 1369 4378 et
1396 4309 1499 4394 ratio,
1526 4319 1564 4378 ut
1593 4333 1663 4380 uon
1690 4309 1736 4381 alt
1761 4311 1830 4386 hc·-

175 4434 281 4481 mana
310 4412 503 4496 industris,
527 4409 588 4492 sed
614 4434 631 4478 a
659 4405 785 4478 divino
811 4405 1077 4505 quodammodo
1113 4409 1278 4480 videatur
1312 4405 1509 4504 proiectum
1546 4413 1740 4480 instinctu.
1782 4413 1827 4486 lu

175 4509 242 4581 lruc
268 4509 361 4581 ratio
386 4521 566 4607 spectatur
593 4507 803 4596 honestatis,
830 4505 913 4580 boui
941 4505 1075 4605 publici
1103 4505 1217 4596 salus,
1244 4513 1383 4606 privetu
1410 4505 1633 4603 singulorum
1663 4507 1829 4586 utilitas.

173 4608 460 4682 Evidentissime
484 4631 559 4680 sese
586 4607 742 4706 produnt
768 4609 892 4680 omnia
920 4609 983 4678 illa
1012 4609 1050 4678 in
1077 4603 1363 4705 usucapionibus3
1390 4607 1477 4704 quid
1512 4608 1611 4680 euim
1646 4610 1828 4684 honestius

174 4708 463 4782 remuneratione
488 4707 691 4780 sedulitatis
715 4721 751 4778 et
778 4733 889 4806 mena
919 4704 1170 4802 negligentiae?
1187 4708 1272 4805 qnid
1292 4705 1387 4780 tono
1405 4703 1547 4806 publico
1566 4710 1700 4800 utilius,
1713 4735 1827 4808 quem

176 4815 373 4909 prospicere
400 4807 503 4880 rebus
529 4809 574 4879 de
600 4805 784 4878 dominis?
808 4809 893 4904 quid
922 4811 1084 4908 priiutee
1117 4811 1288 4908 cujusque
1324 4806 1470 4906 expedit
1506 4812 1617 4906 magis
1652 4809 1825 4903 utilitati,

174 4935 284 5012 quum
312 4911 480 4980 securitas
505 4909 543 4980 in
570 4907 836 4982 contractibusl
864 4909 911 4980 Et
938 4909 1022 4978 haec
1049 4906 1110 4978 illa
1138 4921 1192 4978 est
1220 4908 1381 4995 materia,
1408 4931 1518 5007 quam
1546 4909 1636 4981 milri
1663 4911 1701 4981 in
1728 4939 1827 5012 prae·

177 5011 283 5100 senti,
308 5023 488 5109 quantum
516 5033 622 5108 parva
646 5011 833 5106 tenuisque
859 5009 1025 5108 supellex
1045 5031 1122 5080 mes
1150 5005 1377 5106 suppeditare
1409 5013 1569 5106 poterit,
1604 5021 1825 5109 pertractan-

174 5109 260 5181 dam
286 5111 433 5208 suscepi.
461 5109 533 5196 Tu,
557 5110 723 5207 quisquis
747 5131 783 5180 es
808 5106 944 5197 lector,
971 5133 997 5178 si
1027 5110 1118 5207 quid
1147 5112 1269 5181 minos
1294 5119 1461 5180 accurate
1486 5112 1661 5207 scriptum
1693 5117 1730 5184 iu
1758 5115 1825 5185 hoc

174 5209 379 5281 academico
404 5209 573 5280 exercitio
597 5209 849 5308 deprehendis,
876 5233 999 5281 excusa
1020 5223 1128 5284 tenue
1143 5207 1346 5306 ingenium,
1365 5207 1635 5310 juvenilemque
1654 5223 1827 5304 aetutem,

176 5333 217 5382 ac
242 5307 418 5402 discendi,
444 5333 515 5381 uon
542 5307 748 5383 ostentandi
774 5313 897 5382 enimc
924 5335 981 5382 me
1008 5309 1093 5384 liaeo
1118 5312 1300 5410 scripsisse
1326 5312 1465 5408 cogita.
