4374 6216
365 231 420 287 ttttt
507 263 511 272 ·
883 225 1338 289 nisintirtottt.
1878 225 1931 282 iti

306 325 405 383 minsrl
423 329 535 392 valevetr
552 325 621 398 epod
635 327 767 380 Romanos
783 321 833 376 sub
850 325 1001 378 consulibus
1025 337 1122 381 statum
1178 327 1305 397 pinianum
1319 321 1869 396 uterpreeoederevleberet,lisietercsseit,
1884 321 1991 377 Juacbi·

308 411 512 466 erietncraticum
531 409 615 462 iuiese
634 426 711 461 neruo
728 406 847 472 dubitet,
876 407 987 460 interim
1008 408 1037 461 in
1063 426 1121 480 spe·
1179 427 1237 464 mue
1255 409 1383 463 secundus
1400 411 1498 464 elector
1516 408 1604 464 felicis
1622 409 1764 462 memoriae
1783 410 1817 460 ite
1844 423 1898 461 rem
1920 408 1994 462 dire·

308 495 379 549 ciem
397 494 560 564 rogitabant:
576 491 663 547 velitis
680 489 793 558 jubeatis
810 489 930 558 quirites,
948 507 1036 545 verum
1053 490 1122 559 quod
1178 493 1241 555 nuit,
1261 505 1288 546 ut
1306 492 1469 546 contentioni
1489 493 1562 546 locus
1578 505 1647 548 esset
1664 491 1779 562 emplius
1795 490 1994 546 Nicolausbeu·

311 592 435 650 pruceree
453 577 588 641 volebant,
606 573 702 628 caeteri
720 589 773 626 nun
785 573 935 626 abnuebant
946 613 954 636 ,
967 574 1125 643 persueden·
1177 576 1265 644 tiuger
1282 574 1425 630 historicus
1443 575 1574 629 clecturvd.
1591 574 1787 642 brandanburg.
1800 571 1952 626 Commerui
1963 589 1993 643 ρ.

306 661 336 716 di
356 662 455 716 etenim
473 668 625 729 ergnmeute
643 655 710 728 ipsis
726 672 780 709 uon
797 654 912 708 deerunt.
931 655 1030 708 Eodem
1045 657 1126 711 modo
1177 661 1202 712 7.
1213 675 1278 729 pog-
1292 659 1336 712 it.

307 756 440 818 protector
451 745 639 816 parlamentum
657 747 798 806 convocet,
816 739 863 794 sed
879 739 980 806 mouit,
997 755 1029 792 ex
1041 739 1122 793 reteri
1210 748 1232 803 ς.
1252 743 1294 794 tit.
1308 743 1339 796 si
1355 742 1422 798 inter
1438 743 1553 797 semiliee
1570 739 1686 795 illustres
1704 739 1765 794 telis
1783 737 1916 795 contentio
1927 736 1995 792 orie·

307 827 474 882 observantie
491 842 566 890 esse,
584 824 776 893 pavlementum
795 822 849 876 nisi
868 823 986 878 maximo
1005 826 1063 876 usui
1082 841 1123 877 es·
1175 833 1234 890 tur,
1246 826 1359 894 gliscens
1371 826 1456 881 edbuc
1473 829 1537 882 solet
1553 811 1688 897 opprimi,
1705 821 1774 895 quod
1792 824 1846 878 nisi
1865 817 1928 889 liat,
1948 835 1996 874 ex·

309 920 367 978 eet,
385 927 439 965 uon
456 911 552 964 debere
571 907 686 969 morari.
704 906 773 977 qrvud
793 904 934 960 ellectum
952 905 1001 959 sub
1025 906 1124 978 buglo-
1174 909 1258 978 tiuqui
1278 911 1376 980 pulerit
1393 913 1512 980 eeqrios,
1531 911 1569 964 ira
1590 919 1692 963 mortno
1702 909 1825 975 iubesne
1842 923 1903 976 rege
1921 906 1996 960 Pulc·

309 993 458 1048 Sasonibus
476 1002 504 1047 et
519 1001 611 1054 ιιιιις
630 1007 720 1044 rerum
738 989 808 1060 quod
827 989 862 1042 iis
888 989 1006 1056 mediis,
1028 993 1124 1062 quibus
1173 995 1232 1046 oiee
1250 990 1323 1048 iilius
1340 994 1530 1065 sigismundus
1548 1003 1658 1064 propter
1678 1003 1790 1047 metrern
1811 989 1996 1046 rexPolonlae

307 1077 469 1149 reipublicae
480 1083 562 1129 eteius
574 1084 664 1146 pertus
682 1072 750 1138 luit,
768 1083 904 1129 conservet
927 1075 1057 1139 eumdem,
1080 1093 1123 1129 ne-
1172 1076 1348 1143 renunciatus,
1356 1079 1436 1132 etiam
1450 1093 1497 1132 res
1506 1078 1691 1132 Sueeieeaonu
1705 1077 1783 1128 tiso.
1796 1088 1821 1131 et
1830 1093 1901 1130 anuo
1914 1070 1995 1126 1694.

309 1177 355 1215 mo
370 1161 477 1214 sinistre
496 1157 619 1222 babebit,
636 1157 660 1210 si
685 1173 772 1210 oseser
791 1157 842 1212 boc
861 1157 1025 1228 principium
1036 1159 1124 1216 obser·
1170 1162 1230 1228 iure
1241 1162 1389 1232 inaugureri
1402 1160 1544 1226 debuisset,
1557 1159 1612 1212 uisi
1626 1159 1654 1211 in
1666 1159 1843 1228 suspicionem
1856 1174 1887 1212 ec
1907 1157 1931 1212 si
1952 1169 2004 1230 pc·

305 1252 409 1309 resset,
428 1259 477 1297 nec
495 1242 592 1296 milites
623 1239 785 1303 dimisisset,
813 1239 917 1294 ineurie
946 1259 1000 1294 uun
1030 1241 1124 1300 luisset
1172 1247 1293 1314 repriuos
1311 1246 1411 1298 milites
1429 1245 1457 1297 iu
1476 1259 1587 1313 reguum
1605 1241 1699 1295 ducere
1718 1242 1817 1308 vellet,
1835 1249 1864 1293 et
1889 1240 2001 1313 pontili-

306 1325 454 1380 coninssus.
472 1324 560 1380 Nemo
577 1324 633 1378 nisi
651 1323 808 1393 imprudens
832 1325 903 1392 luget
934 1334 993 1394 post
1010 1337 1123 1394 events,
1171 1329 1239 1384 ciem
1256 1328 1411 1398 religionem
1429 1327 1599 1398 implentere.
1624 1325 1796 1392 incurrisset,
1813 1325 1934 1380 bocltlco
1952 1326 2002 1384 fse—

305 1407 371 1464 sdeu
389 1417 491 1462 eertum
510 1416 553 1462 est
583 1407 653 1461 senis
678 1405 821 1479 principiis
848 1417 1024 1479 protectorem
1048 1430 1123 1468 snum
1171 1412 1221 1478 bet,
1236 1414 1359 1483 quoniam
1370 1409 1933 1480 meterCetharineeumdemiul’ulouiarn
1948 1412 2001 1466 mi·

306 1494 377 1550 tueri
395 1503 500 1551 sulum.
579 1503 580 1506 ’
645 1531 647 1538 ,
761 1491 765 1502 ‘
853 1527 858 1535 ·
1172 1489 1487 1564 scret,utinponiilicie
1506 1493 2002 1564 rettgtuueetueeretuv.tutusquetu-

345 1584 368 1640 ς.
386 1578 432 1631 17.
451 1579 481 1632 ln
497 1575 649 1649 principum
662 1575 730 1630 eulis
748 1575 834 1630 simili
852 1577 930 1632 modo
960 1577 994 1633 de
1018 1597 1123 1651 presso·
1171 1578 1312 1632 edmodum
1331 1578 1559 1646 inaugurationem
1574 1591 1698 1647 peregere
1712 1585 1825 1642 tenetur,
1841 1578 2001 1647 upsallensis

307 1665 393 1733 patira
412 1663 559 1734 disceptere
578 1663 660 1715 solent
678 1661 815 1727 ministri,
832 1665 916 1716 sulem
935 1663 995 1735 quis
1013 1667 1126 1736 reperiet
1174 1664 1211 1717 ita
1228 1664 1368 1733 episcopus
1385 1661 1487 1717 Urbini
1507 1656 1712 1731 Sl'qismundum
1730 1659 1881 1728 inaugureri
1900 1659 2002 1716 deside-

309 1765 386 1814 raro,
404 1747 433 1801 in
453 1765 503 1816 qua
522 1763 575 1800 oon
593 1745 727 1798 discordes
746 1745 802 1798 sint
819 1743 962 1808 officiariis
988 1763 1050 1800 erc
1066 1750 1125 1818 qui·
1174 1747 1248 1812 revit,
1268 1756 1458 1801 rerumccrtos
1477 1744 1534 1798 dies
1550 1761 1609 1814 quo
1627 1758 1660 1796 cx
1682 1741 1789 1796 tutuuia
1807 1741 1921 1811 rediret,
1942 1747 1998 1816 regi

308 1832 369 1886 dem
388 1831 520 1904 principis
538 1840 595 1896 est,
614 1828 761 1886 discordies
780 1831 851 1884 elere
867 1830 935 1885 inter
963 1831 1126 1898 ministros,
1174 1837 1286 1883 statutus
1310 1827 1382 1896 iuli,
1402 1847 1455 1900 quo
1481 1843 1540 1882 com
1560 1845 1590 1882 ee
1608 1823 1678 1879 beud
1696 1827 1812 1892 sisteret,
1831 1843 1901 1881 enno
1921 1828 2003 1885 itti.

307 1918 388 1970 limet
405 1917 478 1970 enirn
497 1917 565 1968 elier
582 1915 715 1980 eliorum,
732 1931 767 1969 ne
784 1913 989 1984 injuncturus,
1008 1926 1049 1969 est
1062 1916 1125 1969 siin
1174 1913 1308 1969 communi
1326 1923 1441 1966 sistonm
1455 1928 1586 1966 consenso
1597 1909 1627 1962 in
1640 1909 1760 1964 comitiis
1773 1909 2002 1966 Stoobclmicnsi-

307 2001 436 2056 sectiones
453 2011 573 2072 erumpet
592 1999 742 2065 discordie,
759 2001 817 2070 ipae
834 2011 919 2054 sistus
931 2001 1018 2072 perire
1043 2003 1123 2066 soleis
1176 1999 1226 2051 bus
1243 2015 1325 2068 reguo
1342 1997 1478 2052 abdicetur
1495 1994 1560 2062 luit,
1576 2007 1601 2050 et
1618 2006 1729 2066 patruus
1742 1995 1851 2049 cerutus
1869 2008 1944 2050 entes
1957 1997 2005 2054 Su-

307 2086 347 2140 ite
364 2094 465 2158 gratnm
483 2094 539 2138 eret
556 2083 682 2154 Philippo
700 2083 813 2137 secundo
826 2094 853 2136 et
865 2083 1042 2153 gubernatrici
1057 2087 1128 2140 Mer·
1173 2082 1346 2138 dermenniue
1365 2083 1418 2136 dus
1438 2080 1627 2144 renunciatus,
1646 2077 1698 2131 sub
1717 2096 1768 2150 qno
1793 2080 1865 2133 inter
1892 2079 2004 2136 l'ulonos

307 2170 406 2239 peritae
424 2168 558 2239 permensi
577 2167 723 2221 Antonium
742 2166 913 2222 Pereuntium
931 2167 1092 2222 cerdinslem
1111 2190 1126 2223 a
1175 2177 1202 2222 ct
1219 2167 1318 2222 Sueuos
1335 2167 1392 2220 dire
1411 2176 1498 2220 exerta
1516 2164 1590 2218 fuere
1608 2162 1677 2217 bella
1695 2173 1723 2219 et
1750 2163 1800 2217 sub
1818 2161 1876 2218 filiu
1899 2183 2004 2238 quoque

306 2252 460 2324 proceribus
483 2251 593 2306 certeris
618 2250 680 2304 odiu
713 2251 823 2316 heberi,
848 2250 892 2307 isti
911 2253 1001 2318 enim,
1020 2253 1125 2323 siquid
1174 2253 1293 2308 Gusterc
1311 2251 1433 2322 ddolplto
1451 2266 1531 2322 usqne
1550 2247 1583 2303 ed
1601 2267 1699 2304 ennuvn
1719 2249 1802 2303 1630.
1818 2250 1864 2303 ubi
1879 2250 2003 2307 induciae

307 2336 447 2408 occiderit,
465 2335 495 2389 in
514 2334 606 2405 Belgio
624 2335 752 2390 cerdineli
770 2344 905 2406 acceptum
924 2335 1061 2403 terebros,
1078 2338 1128 2391 boc
1174 2336 1257 2390 iscire
1269 2345 1338 2400 sunt,
1349 2335 1482 2389 etbellunv
1493 2333 1655 2405 eliqosmdin
1668 2335 2001 2406 suspensum,usquednm

308 2428 413 2491 gestum
432 2429 489 2472 eret
505 2419 676 2490 principibus
693 2417 765 2474 domi
783 2418 911 2489 quosdam
928 2435 998 2484 esse,
1016 2420 1045 2472 in
1062 2437 1127 2490 quos
1172 2419 1298 2493 proximo
1316 2437 1386 2474 enno
1403 2420 1505 2474 exussit
1523 2421 1613 2474 denuo
1631 2429 1658 2474 ct
1676 2420 1704 2474 iu
1724 2418 1796 2474 buno
1813 2437 1894 2492 nsque
1912 2421 2006 2490 diem,

308 2505 444 2558 exonerari
464 2505 569 2574 possint
584 2501 646 2556 odie
666 2501 786 2557 dominis
804 2501 907 2568 debite,
939 2503 985 2556 scd
1008 2521 1127 2559 successu
1174 2507 1274 2561 otinevu
1292 2521 1326 2558 ne
1342 2502 1515 2560 Germaniam
1533 2505 1684 2574 corriperet
1701 2501 1820 2572 flemme,
1838 2502 1925 2558 duret.

306 2586 434 2658 temporis
450 2587 506 2640 elce
524 2586 587 2640 boec
606 2588 675 2640 mele
691 2586 815 2652 cedebet,
841 2597 871 2643 nt
898 2589 1005 2644 teuden
1028 2588 1128 2660 Philip·
1207 2593 1229 2659 ς.
1248 2591 1292 2642 16.
1312 2589 1411 2644 Eodem
1430 2589 1516 2655 modo,
1535 2587 1560 2643 si
1577 2586 1613 2641 ob
1635 2589 1812 2642 successiones
1823 2587 2003 2659 digladientur

308 2686 359 2742 pus
377 2669 468 2739 Belqiu
485 2669 628 2736 ceciderit,
649 2683 674 2726 ιι
691 2671 829 2726 boionius
846 2672 1002 2727 Perenoiius
1017 2689 1049 2728 eo
1065 2691 1126 2745 pro·
1175 2675 1247 2730 iniec
1264 2692 1292 2730 se
1311 2674 1457 2746 principes,
1469 2674 1536 2728 sulci
1553 2671 1668 2738 evenire,
1687 2672 1747 2728 licet
1763 2689 1797 2729 ex
1816 2676 1904 2746 pectis
1927 2675 2003 2744 siut,

308 2770 397 2810 cerum
415 2753 479 2808 odio
498 2753 636 2821 reductus,
654 2764 684 2808 ιι
701 2756 764 2810 licet
781 2754 811 2810 in
824 2756 939 2830 speeiem
952 2757 1078 2829 pinguius
1089 2757 1127 2813 ei·
1172 2757 1393 2832 qnemedmodum
1411 2755 1564 2813 Fridericos
1582 2756 1712 2810 emendus
1727 2756 1824 2812 elector
1843 2769 1945 2816 mortuo
1957 2760 2004 2817 Ot-

307 2837 337 2892 bi
355 2837 461 2890 deretur
478 2831 600 2890 officium
612 2874 622 2902 ,
640 2835 733 2908 Belgio
750 2837 875 2894 excedere
898 2849 1002 2894 mucius
1025 2839 1127 2905 luerit,
1176 2851 1237 2895 tone
1254 2849 1327 2913 pecte
1357 2840 1407 2894 iste
1431 2841 1466 2895 de
1496 2839 1662 2895 successione
1684 2839 1755 2896 inter
1779 2841 1940 2900 Ludoricnm
1963 2865 2004 2904 eu·

307 2929 417 2992 recepto
433 2921 577 2975 aulicorum
598 2935 691 2987 more,
709 2921 769 2992 quie
787 2921 898 2991 siquem
911 2918 1062 2980 officiorum
1073 2935 1125 2980 tae·
1174 2939 1282 2980 menum
1301 2935 1327 2979 ιι
1344 2922 1500 2978 Bernirnum
1518 2923 1568 2977 tit.
1585 2925 1655 2980 ursii
1672 2927 1797 2995 graviter,
1816 2927 1899 2983 donec
1918 2949 2004 3006 expe·

309 3007 356 3061 dio
375 3003 502 3068 bebeent,
521 3001 549 3057 in
568 3002 682 3072 speciem
701 3001 881 3058 bonorebilius
901 3001 1021 3059 officinm
1038 3022 1126 3062 conce
1173 3007 1297 3063 cientium
1320 3007 1350 3060 ln
1368 3009 1551 3063 Pomereuiem
1570 3019 1660 3064 nectus
1677 3007 1767 3065 tuerit.
1795 3013 1881 3067 Paetis
1899 3016 2002 3072 conire-

309 3090 393 3157 duni,
411 3099 439 3144 nt
466 3085 567 3142 minori
586 3103 648 3140 cum
667 3087 781 3140 leesioue
798 3087 831 3142 eb
848 3084 940 3144 officio
964 3089 1124 3158 detrudante
1172 3087 1325 3148 territatum
1336 3091 1509 3147 successiones
1527 3091 1628 3148 deterri
1648 3111 1726 3148 nemo
1744 3093 1849 3151 dubitet
1867 3099 2003 3170 amplius,

310 3169 424 3228 titfiette
441 3179 484 3227 esi
501 3180 570 3226 siere
588 3171 635 3224 din
653 3171 681 3224 in
700 3171 818 3238 lubrico,
829 3191 909 3245 quem
927 3175 1016 3246 plures
1028 3175 1123 3248 impel·
1172 3177 1219 3231 sed
1236 3175 1363 3232 differunt
1381 3187 1456 3248 pecte
1474 3178 1590 3246 unionis,
1605 3195 1670 3249 ques
1686 3182 1865 3238 numuuetu
1883 3198 1945 3243 sunt
1969 3187 2003 3242 de

308 3259 384 3324 loni,
403 3265 430 3313 ιι
447 3272 552 3326 semper
570 3272 622 3310 uon
641 3255 730 3310 minus
756 3258 856 3328 gratiae
873 3277 951 3332 quern
974 3260 1043 3316 vites
1064 3277 1124 3334 spe·
1171 3262 1305 3316 cummuni
1317 3262 1417 3316 anxilio
1435 3273 1459 3317 et
1477 3271 1553 3332 pecte
1569 3263 1804 3332 mutreteruinttu
1821 3285 1886 3340 qnae
1904 3269 1937 3326 de
1955 3273 2003 3328 be·

312 3341 410 3396 rendos
428 3339 576 3407 interituve
594 3340 708 3396 illustris
726 3357 823 3413 nempe
840 3345 946 3398 enimus
975 3345 1047 3400 nibil
1070 3347 1124 3402 nisi
1172 3345 1334 3402 reditatibus
1352 3343 1508 3399 deferendis
1526 3344 1677 3414 ineuntur,
1697 3349 1735 3405 ite
1760 3360 1835 3421 pecta
1860 3352 2002 3410 coniectes·

310 3423 380 3495 quod
398 3433 597 3496 compensemus
615 3423 710 3493 luerit,
729 3428 842 3497 sucipit,
859 3427 929 3499 qoud
947 3428 971 3484 si
989 3431 1124 3487 ministris
1173 3429 1288 3483 nitetum
1306 3445 1411 3500 semper
1428 3437 1506 3500 egem
1523 3429 1697 3504 imperatoria
1712 3431 1926 3505 conllrmetione‚
1938 3439 2003 3495 baec

311 3509 401 3562 omnis
419 3510 518 3578 gratiss
535 3508 689 3563 exhibuerit
705 3509 937 3578 redhostimcnie‚
954 3514 1066 3569 ninibil
1083 3531 1127 3568 en·
1173 3515 1245 3569 inirr
1263 3515 1394 3570 Senoniae
1413 3514 1548 3586 principes
1576 3526 1603 3570 et
1627 3517 1739 3572 Hessius
1758 3519 1933 3591 Lendgrevios
1958 3524 2000 3580 i'a·

311 3592 415 3660 pessit,
435 3610 487 3663 quo
502 3588 670 3662 gretificetsr
689 3593 733 3661 ei,
754 3592 832 3649 iecile
848 3593 909 3650 odio
934 3595 1031 3651 bebere
1059 3597 1127 3653 solet
1173 3610 1296 3666 streuui,
1315 3600 1570 3672 comprehendentis
1588 3620 1693 3674 quoqne
1722 3605 1893 3662 electcretom
1918 3610 2001 3666 Saso·

309 3675 463 3741 bominem,
483 3677 547 3730 licet
562 3675 598 3730 ob
615 3676 794 3747 suspicionem
813 3677 1059 3745 teuiummodoeits
1071 3681 1126 3735 eds·
1175 3682 1235 3736 niae
1252 3684 1417 3754 solemnique
1433 3685 1607 3755 impereturie
1633 3684 1835 3746 confirmetiune
1859 3701 1921 3747 eunt
1946 3711 2002 3748 mn·

312 3757 445 3830 piciunem
464 3758 560 3828 igitur,
577 3776 655 3828 qnam
675 3758 773 3812 fectum
793 3759 875 3816 vilere
905 3762 1045 3830 prudentis
1062 3772 1124 3832 ests
1176 3757 1689 3845 nita,iosiusbimn.od1id.d.cap.
1708 3773 1735 3826 8.
1764 3777 1794 3830 irs
1817 3777 2000 3835 additament.

313 3840 449 3894 interdum
462 3857 576 3912 nemque
594 3843 673 3896 istam
692 3842 763 3897 nulle
781 3841 847 3896 estis
864 3841 943 3899 diluit
959 3844 1124 3919 innocentie,
1176 3870 1204 3906 n.
1219 3851 1281 3903 166.
1300 3850 1419 3907 decessit
1436 3851 1535 3909 deinde
1548 3857 1745 3914 msvcbiuuetus
1758 3871 1834 3932 pactu
1848 3862 1908 3916 huie
1919 3863 2000 3920 brau-

312 3923 363 3978 boc
376 3925 585 3980 Wellcneteiniu
602 3935 629 3980 et
641 3925 790 3980 Leuceetrio
802 3937 959 3981 nocumento
982 3927 1066 3985 inisse
1081 3949 1125 3986 ec·
1175 3930 1350 4005 denbnrgicus
1364 3945 1438 4006 ριιιο
1449 3935 1520 3992 ιἰιιι
1533 3938 1640 3996 unionis
1653 3943 1766 3998 solemni
1779 3945 1892 4000 modoet
1905 3925 2002 4006 confir·

310 4010 454 4067 curatiores
468 4021 600 4080 nutriere,
613 4020 643 4066 ni
653 4009 773 4066 Brennus
789 4009 822 4065 de
838 4011 990 4070 Verulemio
1007 4013 1036 4068 in
1053 4013 1127 4074 fabro
1177 4027 1276 4074 metum
1290 4027 1331 4074 ιιι
1342 4019 1374 4072 eb
1387 4019 1555 4090 imperdere,
1565 4034 1658 4093 postea
1670 4042 1730 4081 aare
1745 4045 1814 4082 enno
1831 4029 1912 4084 1571,
1933 4034 2005 4088 sm„

315 4095 438 4151 furtunae
452 4095 590 4167 implicite.
732 4097 736 4104 '
1177 4109 1232 4154 tres
1248 4102 1326 4156 besce
1343 4099 1458 4159 semilise
1470 4102 1503 4158 de
1516 4109 1651 4162 cummuni
1664 4111 1827 4167 successione
1837 4124 1923 4168 ectum
1938 4115 2001 4184 init,

344 4177 371 4249 5.
390 4179 436 4232 16.
454 4180 591 4246 disiectare
608 4196 654 4234 sne
672 4178 747 4249 diqni
765 4181 900 4253 principes
911 4181 1130 4238 contentionibus
1177 4191 1205 4236 et
1215 4179 1381 4239 confirmatio
1397 4203 1467 4239 enno
1486 4186 1566 4244 titt.
1585 4193 1678 4262 petite,
1697 4191 1743 4245 aed
1762 4211 1815 4249 non
1833 4196 2002 4268 subseootse

313 4263 450 4334 quibusvis
467 4263 497 4316 in
516 4274 634 4336 tempere
646 4281 783 4321 occurrere
801 4267 902 4332 solent,
919 4284 979 4320 curn
998 4269 1130 4338 periturae
1178 4282 1213 4320 en
1226 4273 1320 4336 'postca
1338 4266 1483 4338 impetrate,
1501 4287 1534 4324 ex
1552 4274 1667 4328 erchivis
1687 4277 1855 4334 serenissimi
1872 4281 2002 4340 electoris

312 4347 474 4418 reipublicae
493 4349 606 4418 cujusvis
623 4349 721 4404 cisium
738 4350 884 4403 sectemine
896 4349 1075 4404 certissimum
1089 4353 1128 4405 sl·
1179 4345 1373 4421 brendenburg.
1403 4354 1482 4407 nobis
1511 4373 1564 4410 ιιι
1590 4368 1698 4416 ιιιιιιι.
1723 4363 1809 4419 Μιιιι
1835 4366 1942 4437 quidem
1969 4369 2004 4424 de

312 4450 394 4503 gnum
411 4435 478 4496 sint,
495 4433 534 4486 sio
558 4433 589 4488 iu
614 4433 713 4487 illustri
739 4432 871 4488 scedemie
895 4433 1042 4499 viadrioe,
1066 4453 1128 4489 cum
1180 4431 1356 4505 praerogative
1375 4433 1524 4492 interillos
1543 4439 1840 4516 principesdisceptets
1871 4459 2002 4504 restarent

313 4513 454 4583 eliquendo
472 4512 630 4570 Cerberinee
646 4515 738 4570 riduee
767 4515 874 4570 relictee
896 4515 1029 4570 lobeunie
1057 4517 1129 4572 liler-
1178 4516 1332 4587 epponeude
1349 4535 1439 4577 verum
1457 4529 1484 4578 ct
1504 4526 1629 4596 temporis
1647 4537 1672 4583 et
1690 4527 1806 4586 instituti
1828 4531 1894 4588 retiu
1912 4533 2003 4606 probi·

314 4595 420 4652 ebionis
437 4596 696 4668 brendenbnrqeneis
714 4597 742 4650 in
768 4615 861 4669 pompe
888 4595 994 4650 funebri
1020 4596 1125 4652 obviem
1179 4597 1265 4656 bebet.

315 4680 509 4756 procedendum
527 4689 611 4752 esset,
631 4682 700 4738 inter
719 4680 1025 4762 senetumecedcmicnm
1039 4691 1125 4754 etop-
