<?xml version="1.0" encoding="UTF-8"?>
<!DOCTYPE html PUBLIC "-//W3C//DTD XHTML 1.0 Transitional//EN"
    "http://www.w3.org/TR/xhtml1/DTD/xhtml1-transitional.dtd">
<html xmlns="http://www.w3.org/1999/xhtml" xml:lang="en" lang="en">
 <head>
  <title>
</title>
<meta http-equiv="Content-Type" content="text/html;charset=utf-8" />
  <meta name='ocr-system' content='tesseract 3.04.00' />
  <meta name='ocr-capabilities' content='ocr_page ocr_carea ocr_par ocr_line ocrx_word'/>
</head>
<body>
  <div class='ocr_page' id='page_1' title='image "./samuelisstrykii07schogoog_0082.png"; bbox 0 0 4374 6216; ppageno 0'>
   <div class='ocr_carea' id='block_1_1' title="bbox 367 243 1948 306">
    <p class='ocr_par' dir='ltr' id='par_1_1' title="bbox 367 243 1948 306">
     <span class='ocr_line' id='line_1_1' title="bbox 367 243 1948 306; baseline 0.001 -1"><span class='ocrx_word' id='word_1_1' title='bbox 367 254 418 306; x_wconf 76' lang='lat' dir='ltr'>ldl</span> <span class='ocrx_word' id='word_1_2' title='bbox 923 246 1384 305; x_wconf 75' lang='lat' dir='ltr'>tttsrttrtTtont.</span> <span class='ocrx_word' id='word_1_3' title='bbox 1892 243 1948 306; x_wconf 69' lang='lat' dir='ltr'>lbi</span> 
     </span>
    </p>
   </div>
   <div class='ocr_carea' id='block_1_2' title="bbox 312 340 2005 936">
    <p class='ocr_par' dir='ltr' id='par_1_2' title="bbox 312 340 2005 936">
     <span class='ocr_line' id='line_1_2' title="bbox 312 340 2005 419; baseline 0.001 -17"><span class='ocrx_word' id='word_1_4' title='bbox 312 366 368 410; x_wconf 86' lang='lat' dir='ltr'>rex,</span> <span class='ocrx_word' id='word_1_5' title='bbox 383 348 450 419; x_wconf 81' lang='lat' dir='ltr'>quod</span> <span class='ocrx_word' id='word_1_6' title='bbox 469 347 582 404; x_wconf 78' lang='lat' dir='ltr'>ditiones</span> <span class='ocrx_word' id='word_1_7' title='bbox 600 349 646 400; x_wconf 86' lang='lat' dir='ltr'>luas</span> <span class='ocrx_word' id='word_1_8' title='bbox 665 347 697 400; x_wconf 82' lang='lat' dir='ltr'>alt</span> <span class='ocrx_word' id='word_1_9' title='bbox 716 346 836 401; x_wconf 88' lang='lat' dir='ltr'>ltcstibus</span> <span class='ocrx_word' id='word_1_10' title='bbox 851 347 966 416; x_wconf 89' lang='lat' dir='ltr'>propriis</span> <span class='ocrx_word' id='word_1_11' title='bbox 978 345 1129 416; x_wconf 86' lang='lat' dir='ltr'>sumptibus</span> <span class='ocrx_word' id='word_1_12' title='bbox 1182 340 1213 394; x_wconf 81' lang='lat' dir='ltr'>ad</span> <span class='ocrx_word' id='word_1_13' title='bbox 1233 340 1297 392; x_wconf 87' lang='lat' dir='ltr'>duos</span> <span class='ocrx_word' id='word_1_14' title='bbox 1317 350 1418 396; x_wconf 87' lang='lat' dir='ltr'>tautum</span> <span class='ocrx_word' id='word_1_15' title='bbox 1439 344 1619 398; x_wconf 85' lang='lat' dir='ltr'>Willtelmum</span> <span class='ocrx_word' id='word_1_16' title='bbox 1645 346 1703 400; x_wconf 87' lang='lat' dir='ltr'>actt.</span> <span class='ocrx_word' id='word_1_17' title='bbox 1730 347 1785 403; x_wconf 79' lang='lat' dir='ltr'>Jul-</span> <span class='ocrx_word' id='word_1_18' title='bbox 1809 363 1840 400; x_wconf 83' lang='lat' dir='ltr'>ec</span> <span class='ocrx_word' id='word_1_19' title='bbox 1862 349 1946 404; x_wconf 85' lang='lat' dir='ltr'>bloet.</span> <span class='ocrx_word' id='word_1_20' title='bbox 1972 367 2005 404; x_wconf 87' lang='lat' dir='ltr'>ac</span> 
     </span>
     <span class='ocr_line' id='line_1_3' title="bbox 313 422 2002 501; baseline 0.002 -17"><span class='ocrx_word' id='word_1_21' title='bbox 313 433 327 484; x_wconf 83' lang='grc' dir='ltr'>ι’</span> <span class='ocrx_word' id='word_1_22' title='bbox 341 451 397 485; x_wconf 81' lang='lat' dir='ltr'>rnre</span> <span class='ocrx_word' id='word_1_23' title='bbox 414 444 562 500; x_wconf 71' lang='lat' dir='ltr'>occupasset</span> <span class='ocrx_word' id='word_1_24' title='bbox 580 432 689 501; x_wconf 85' lang='lat' dir='ltr'>partim,</span> <span class='ocrx_word' id='word_1_25' title='bbox 701 430 799 501; x_wconf 85' lang='lat' dir='ltr'>partius</span> <span class='ocrx_word' id='word_1_26' title='bbox 812 429 847 482; x_wconf 86' lang='lat' dir='ltr'>olt</span> <span class='ocrx_word' id='word_1_27' title='bbox 861 429 986 496; x_wconf 89' lang='lat' dir='ltr'>pietatem</span> <span class='ocrx_word' id='word_1_28' title='bbox 1000 427 1027 480; x_wconf 89' lang='lat' dir='ltr'>iu</span> <span class='ocrx_word' id='word_1_29' title='bbox 1044 430 1129 481; x_wconf 87' lang='lat' dir='ltr'>eecle-</span> <span class='ocrx_word' id='word_1_30' title='bbox 1181 422 1330 480; x_wconf 76' lang='lat' dir='ltr'>iohannem</span> <span class='ocrx_word' id='word_1_31' title='bbox 1349 426 1387 480; x_wconf 89' lang='lat' dir='ltr'>ll.</span> <span class='ocrx_word' id='word_1_32' title='bbox 1405 428 1498 480; x_wconf 89' lang='lat' dir='ltr'>ducem</span> <span class='ocrx_word' id='word_1_33' title='bbox 1518 428 1617 484; x_wconf 76' lang='lat' dir='ltr'>Cliniae</span> <span class='ocrx_word' id='word_1_34' title='bbox 1630 441 1655 484; x_wconf 90' lang='lat' dir='ltr'>et</span> <span class='ocrx_word' id='word_1_35' title='bbox 1666 431 1791 486; x_wconf 85' lang='lat' dir='ltr'>comitem</span> <span class='ocrx_word' id='word_1_36' title='bbox 1802 432 1908 487; x_wconf 88' lang='lat' dir='ltr'>lllarcae</span> <span class='ocrx_word' id='word_1_37' title='bbox 1925 433 2002 490; x_wconf 85' lang='lat' dir='ltr'>dere·</span> 
     </span>
     <span class='ocr_line' id='line_1_4' title="bbox 313 507 2005 588; baseline 0.004 -20"><span class='ocrx_word' id='word_1_38' title='bbox 313 515 433 568; x_wconf 88' lang='lat' dir='ltr'>siaaticos</span> <span class='ocrx_word' id='word_1_39' title='bbox 451 514 552 567; x_wconf 80' lang='lat' dir='ltr'>Cottius</span> <span class='ocrx_word' id='word_1_40' title='bbox 569 515 640 583; x_wconf 91' lang='lat' dir='ltr'>alpes</span> <span class='ocrx_word' id='word_1_41' title='bbox 660 525 686 568; x_wconf 89' lang='lat' dir='ltr'>et</span> <span class='ocrx_word' id='word_1_42' title='bbox 712 514 861 566; x_wconf 87' lang='lat' dir='ltr'>universam</span> <span class='ocrx_word' id='word_1_43' title='bbox 890 521 1008 576; x_wconf 85' lang='lat' dir='ltr'>terram,</span> <span class='ocrx_word' id='word_1_44' title='bbox 1026 530 1091 581; x_wconf 88' lang='lat' dir='ltr'>quae</span> <span class='ocrx_word' id='word_1_45' title='bbox 1116 531 1130 565; x_wconf 93' lang='lat' dir='ltr'>a</span> <span class='ocrx_word' id='word_1_46' title='bbox 1183 507 1296 574; x_wconf 85' lang='lat' dir='ltr'>ciebat,</span> <span class='ocrx_word' id='word_1_47' title='bbox 1330 526 1356 567; x_wconf 94' lang='lat' dir='ltr'>ut</span> <span class='ocrx_word' id='word_1_48' title='bbox 1383 529 1442 567; x_wconf 86' lang='lat' dir='ltr'>tero</span> <span class='ocrx_word' id='word_1_49' title='bbox 1474 529 1505 567; x_wconf 91' lang='lat' dir='ltr'>eo</span> <span class='ocrx_word' id='word_1_50' title='bbox 1535 511 1641 568; x_wconf 82' lang='lat' dir='ltr'>tacitam</span> <span class='ocrx_word' id='word_1_51' title='bbox 1679 517 1819 572; x_wconf 89' lang='lat' dir='ltr'>unirentur</span> <span class='ocrx_word' id='word_1_52' title='bbox 1850 519 2005 588; x_wconf 79' lang='lat' dir='ltr'>provinciae</span> 
     </span>
     <span class='ocr_line' id='line_1_5' title="bbox 314 591 2002 668; baseline 0.002 -16"><span class='ocrx_word' id='word_1_53' title='bbox 314 600 439 654; x_wconf 83' lang='lat' dir='ltr'>Tastrinis</span> <span class='ocrx_word' id='word_1_54' title='bbox 457 598 489 650; x_wconf 91' lang='lat' dir='ltr'>ad</span> <span class='ocrx_word' id='word_1_55' title='bbox 507 594 662 668; x_wconf 80' lang='lat' dir='ltr'>Ligurinum</span> <span class='ocrx_word' id='word_1_56' title='bbox 682 615 763 668; x_wconf 85' lang='lat' dir='ltr'>usque</span> <span class='ocrx_word' id='word_1_57' title='bbox 777 611 798 650; x_wconf 86' lang='lat' dir='ltr'>et</span> <span class='ocrx_word' id='word_1_58' title='bbox 819 597 938 648; x_wconf 84' lang='lat' dir='ltr'>Genuam</span> <span class='ocrx_word' id='word_1_59' title='bbox 963 594 1130 657; x_wconf 87' lang='lat' dir='ltr'>extenditur,</span> <span class='ocrx_word' id='word_1_60' title='bbox 1186 591 1253 660; x_wconf 87' lang='lat' dir='ltr'>bae,</span> <span class='ocrx_word' id='word_1_61' title='bbox 1271 592 1338 647; x_wconf 90' lang='lat' dir='ltr'>dicti</span> <span class='ocrx_word' id='word_1_62' title='bbox 1363 593 1443 648; x_wconf 89' lang='lat' dir='ltr'>duces</span> <span class='ocrx_word' id='word_1_63' title='bbox 1461 596 1490 648; x_wconf 91' lang='lat' dir='ltr'>iu</span> <span class='ocrx_word' id='word_1_64' title='bbox 1510 595 1537 646; x_wconf 92' lang='lat' dir='ltr'>id</span> <span class='ocrx_word' id='word_1_65' title='bbox 1555 608 1752 664; x_wconf 79' lang='lat' dir='ltr'>convenerunt,</span> <span class='ocrx_word' id='word_1_66' title='bbox 1771 611 1800 654; x_wconf 94' lang='lat' dir='ltr'>ut</span> <span class='ocrx_word' id='word_1_67' title='bbox 1821 601 1920 654; x_wconf 91' lang='lat' dir='ltr'>liberos</span> <span class='ocrx_word' id='word_1_68' title='bbox 1942 618 2002 654; x_wconf 91' lang='lat' dir='ltr'>suos</span> 
     </span>
     <span class='ocr_line' id='line_1_6' title="bbox 314 677 2005 755; baseline 0.005 -22"><span class='ocrx_word' id='word_1_69' title='bbox 314 683 383 735; x_wconf 90' lang='lat' dir='ltr'>douo</span> <span class='ocrx_word' id='word_1_70' title='bbox 396 681 478 746; x_wconf 87' lang='lat' dir='ltr'>daret,</span> <span class='ocrx_word' id='word_1_71' title='bbox 491 681 555 733; x_wconf 85' lang='lat' dir='ltr'>laiuc</span> <span class='ocrx_word' id='word_1_72' title='bbox 573 680 695 748; x_wconf 86' lang='lat' dir='ltr'>superbia</span> <span class='ocrx_word' id='word_1_73' title='bbox 710 677 863 750; x_wconf 79' lang='lat' dir='ltr'>pontificem</span> <span class='ocrx_word' id='word_1_74' title='bbox 883 677 1133 750; x_wconf 86' lang='lat' dir='ltr'>intrarit,linssque</span> <span class='ocrx_word' id='word_1_75' title='bbox 1184 678 1333 732; x_wconf 77' lang='lat' dir='ltr'>iohannem</span> <span class='ocrx_word' id='word_1_76' title='bbox 1355 695 1450 749; x_wconf 86' lang='lat' dir='ltr'>nempe</span> <span class='ocrx_word' id='word_1_77' title='bbox 1470 680 1517 732; x_wconf 89' lang='lat' dir='ltr'>tlt.</span> <span class='ocrx_word' id='word_1_78' title='bbox 1535 679 1674 738; x_wconf 86' lang='lat' dir='ltr'>cliaeusem</span> <span class='ocrx_word' id='word_1_79' title='bbox 1693 693 1720 736; x_wconf 89' lang='lat' dir='ltr'>et</span> <span class='ocrx_word' id='word_1_80' title='bbox 1738 689 1850 746; x_wconf 76' lang='lat' dir='ltr'>ildariam</span> <span class='ocrx_word' id='word_1_81' title='bbox 1877 690 2005 755; x_wconf 84' lang='lat' dir='ltr'>juliaceu.</span> 
     </span>
     <span class='ocr_line' id='line_1_7' title="bbox 315 764 2003 842; baseline 0.008 -25"><span class='ocrx_word' id='word_1_82' title='bbox 315 767 370 818; x_wconf 87' lang='lat' dir='ltr'>sira</span> <span class='ocrx_word' id='word_1_83' title='bbox 381 767 438 834; x_wconf 88' lang='lat' dir='ltr'>jure</span> <span class='ocrx_word' id='word_1_84' title='bbox 450 766 505 817; x_wconf 87' lang='lat' dir='ltr'>sire</span> <span class='ocrx_word' id='word_1_85' title='bbox 518 765 614 831; x_wconf 87' lang='lat' dir='ltr'>injuria</span> <span class='ocrx_word' id='word_1_86' title='bbox 633 781 726 833; x_wconf 87' lang='lat' dir='ltr'>augere</span> <span class='ocrx_word' id='word_1_87' title='bbox 737 765 855 816; x_wconf 88' lang='lat' dir='ltr'>animum</span> <span class='ocrx_word' id='word_1_88' title='bbox 875 764 1005 834; x_wconf 88' lang='lat' dir='ltr'>sumpsit,</span> <span class='ocrx_word' id='word_1_89' title='bbox 1025 783 1054 817; x_wconf 88' lang='lat' dir='ltr'>ae</span> <span class='ocrx_word' id='word_1_90' title='bbox 1071 764 1134 817; x_wconf 86' lang='lat' dir='ltr'>licet</span> <span class='ocrx_word' id='word_1_91' title='bbox 1186 781 1240 816; x_wconf 86' lang='lat' dir='ltr'>seta</span> <span class='ocrx_word' id='word_1_92' title='bbox 1260 764 1371 818; x_wconf 85' lang='lat' dir='ltr'>ioricam</span> <span class='ocrx_word' id='word_1_93' title='bbox 1391 766 1560 820; x_wconf 82' lang='lat' dir='ltr'>matrimonio</span> <span class='ocrx_word' id='word_1_94' title='bbox 1578 771 1720 842; x_wconf 81' lang='lat' dir='ltr'>iungerent.</span> <span class='ocrx_word' id='word_1_95' title='bbox 1753 780 1838 833; x_wconf 81' lang='lat' dir='ltr'>Paetis</span> <span class='ocrx_word' id='word_1_96' title='bbox 1869 785 2003 840; x_wconf 58' lang='lat' dir='ltr'>dormitm,</span> 
     </span>
     <span class='ocr_line' id='line_1_8' title="bbox 315 845 2001 936; baseline 0.009 -35"><span class='ocrx_word' id='word_1_97' title='bbox 315 847 478 918; x_wconf 70' lang='lat' dir='ltr'>longobardi</span> <span class='ocrx_word' id='word_1_98' title='bbox 493 847 590 918; x_wconf 88' lang='lat' dir='ltr'>primas</span> <span class='ocrx_word' id='word_1_99' title='bbox 609 848 804 917; x_wconf 66' lang='lat' dir='ltr'>patrimoniales</span> <span class='ocrx_word' id='word_1_100' title='bbox 817 861 896 901; x_wconf 87' lang='lat' dir='ltr'>terras</span> <span class='ocrx_word' id='word_1_101' title='bbox 909 845 1030 918; x_wconf 82' lang='lat' dir='ltr'>pontifici</span> <span class='ocrx_word' id='word_1_102' title='bbox 1051 848 1136 902; x_wconf 84' lang='lat' dir='ltr'>‹ledis-</span> <span class='ocrx_word' id='word_1_103' title='bbox 1186 846 1370 918; x_wconf 82' lang='lat' dir='ltr'>interpositis,</span> <span class='ocrx_word' id='word_1_104' title='bbox 1389 869 1440 920; x_wconf 81' lang='lat' dir='ltr'>qato</span> <span class='ocrx_word' id='word_1_105' title='bbox 1458 850 1486 904; x_wconf 87' lang='lat' dir='ltr'>iu</span> <span class='ocrx_word' id='word_1_106' title='bbox 1505 865 1607 906; x_wconf 76' lang='lat' dir='ltr'>cuncus</span> <span class='ocrx_word' id='word_1_107' title='bbox 1626 855 1701 910; x_wconf 90' lang='lat' dir='ltr'>basce</span> <span class='ocrx_word' id='word_1_108' title='bbox 1720 870 1801 914; x_wconf 82' lang='lat' dir='ltr'>terras</span> <span class='ocrx_word' id='word_1_109' title='bbox 1826 867 1873 917; x_wconf 81' lang='lat' dir='ltr'>anti</span> <span class='ocrx_word' id='word_1_110' title='bbox 1901 875 2001 936; x_wconf 76' lang='lat' dir='ltr'>primo.</span> 
     </span>
    </p>
   </div>
   <div class='ocr_carea' id='block_1_3' title="bbox 256 930 1141 2272">
    <p class='ocr_par' dir='ltr' id='par_1_3' title="bbox 256 930 1141 2272">
     <span class='ocr_line' id='line_1_9' title="bbox 256 930 1135 1002; baseline -0.002 -16"><span class='ocrx_word' id='word_1_111' title='bbox 256 936 258 942; x_wconf 81' lang='grc'>’</span> <span class='ocrx_word' id='word_1_112' title='bbox 315 945 385 997; x_wconf 87' lang='lat' dir='ltr'>aeut,</span> <span class='ocrx_word' id='word_1_113' title='bbox 400 932 546 1002; x_wconf 80' lang='lat' dir='ltr'>Stephanus</span> <span class='ocrx_word' id='word_1_114' title='bbox 560 933 686 984; x_wconf 87' lang='lat' dir='ltr'>secundus</span> <span class='ocrx_word' id='word_1_115' title='bbox 701 942 785 984; x_wconf 90' lang='lat' dir='ltr'>tamen</span> <span class='ocrx_word' id='word_1_116' title='bbox 803 935 869 1001; x_wconf 86' lang='lat' dir='ltr'>Papa</span> <span class='ocrx_word' id='word_1_117' title='bbox 885 933 1008 1002; x_wconf 86' lang='lat' dir='ltr'>Pipinuan</span> <span class='ocrx_word' id='word_1_118' title='bbox 1022 930 1135 987; x_wconf 83' lang='lat' dir='ltr'>l&#39;ranco·</span> 
     </span>
     <span class='ocr_line' id='line_1_10' title="bbox 314 1011 1136 1086; baseline -0.007 -18"><span class='ocrx_word' id='word_1_119' title='bbox 314 1033 374 1068; x_wconf 86' lang='lat' dir='ltr'>raam</span> <span class='ocrx_word' id='word_1_120' title='bbox 387 1032 474 1086; x_wconf 86' lang='lat' dir='ltr'>regem</span> <span class='ocrx_word' id='word_1_121' title='bbox 487 1024 575 1068; x_wconf 88' lang='lat' dir='ltr'>contra</span> <span class='ocrx_word' id='word_1_122' title='bbox 585 1011 766 1084; x_wconf 82' lang='lat' dir='ltr'>deistulpbnrn</span> <span class='ocrx_word' id='word_1_123' title='bbox 776 1014 1002 1083; x_wconf 71' lang='lat' dir='ltr'>Langobardorum</span> <span class='ocrx_word' id='word_1_124' title='bbox 1012 1015 1136 1077; x_wconf 79' lang='lat' dir='ltr'>evocavit,</span> 
     </span>
     <span class='ocr_line' id='line_1_11' title="bbox 315 1098 1136 1170; baseline 0 -19"><span class='ocrx_word' id='word_1_125' title='bbox 315 1111 347 1152; x_wconf 91' lang='grc' dir='ltr'>ιιι</span> <span class='ocrx_word' id='word_1_126' title='bbox 362 1098 543 1170; x_wconf 77' lang='grc' dir='ltr'>ΔιίιιιιΙρΙιιιιιι</span> <span class='ocrx_word' id='word_1_127' title='bbox 563 1099 637 1151; x_wconf 89' lang='lat' dir='ltr'>ltalia</span> <span class='ocrx_word' id='word_1_128' title='bbox 657 1101 779 1168; x_wconf 88' lang='lat' dir='ltr'>privaret,</span> <span class='ocrx_word' id='word_1_129' title='bbox 792 1099 1033 1169; x_wconf 86' lang='lat' dir='ltr'>patrimoniumque</span> <span class='ocrx_word' id='word_1_130' title='bbox 1052 1100 1136 1152; x_wconf 89' lang='lat' dir='ltr'>eccle·</span> 
     </span>
     <span class='ocr_line' id='line_1_12' title="bbox 317 1182 1136 1253; baseline -0.002 -17"><span class='ocrx_word' id='word_1_131' title='bbox 317 1183 452 1238; x_wconf 88' lang='lat' dir='ltr'>siasticutn</span> <span class='ocrx_word' id='word_1_132' title='bbox 469 1193 590 1253; x_wconf 71' lang='lat' dir='ltr'>augeretg</span> <span class='ocrx_word' id='word_1_133' title='bbox 611 1184 723 1253; x_wconf 85' lang='lat' dir='ltr'>Pipinus</span> <span class='ocrx_word' id='word_1_134' title='bbox 740 1194 822 1236; x_wconf 89' lang='lat' dir='ltr'>terras</span> <span class='ocrx_word' id='word_1_135' title='bbox 840 1182 959 1235; x_wconf 84' lang='lat' dir='ltr'>subactas</span> <span class='ocrx_word' id='word_1_136' title='bbox 977 1185 1014 1236; x_wconf 91' lang='lat' dir='ltr'>oti</span> <span class='ocrx_word' id='word_1_137' title='bbox 1034 1182 1136 1236; x_wconf 74' lang='lat' dir='ltr'>baren·</span> 
     </span>
     <span class='ocr_line' id='line_1_13' title="bbox 312 1267 1137 1337; baseline -0.004 -15"><span class='ocrx_word' id='word_1_138' title='bbox 312 1287 395 1334; x_wconf 83' lang='lat' dir='ltr'>usur,</span> <span class='ocrx_word' id='word_1_139' title='bbox 414 1267 559 1334; x_wconf 81' lang='lat' dir='ltr'>Coucbarn,</span> <span class='ocrx_word' id='word_1_140' title='bbox 580 1269 725 1332; x_wconf 77' lang='lat' dir='ltr'>Arelatem,</span> <span class='ocrx_word' id='word_1_141' title='bbox 744 1280 793 1321; x_wconf 90' lang='lat' dir='ltr'>etc.</span> <span class='ocrx_word' id='word_1_142' title='bbox 813 1268 947 1337; x_wconf 83' lang='lat' dir='ltr'>Stephano</span> <span class='ocrx_word' id='word_1_143' title='bbox 960 1267 1090 1331; x_wconf 85' lang='lat' dir='ltr'>donabat,</span> <span class='ocrx_word' id='word_1_144' title='bbox 1109 1277 1137 1320; x_wconf 88' lang='lat' dir='ltr'>et</span> 
     </span>
     <span class='ocr_line' id='line_1_14' title="bbox 313 1348 1140 1425; baseline -0.011 -15"><span class='ocrx_word' id='word_1_145' title='bbox 313 1355 389 1412; x_wconf 77' lang='lat' dir='ltr'>filius</span> <span class='ocrx_word' id='word_1_146' title='bbox 399 1355 505 1410; x_wconf 81' lang='lat' dir='ltr'>Garoias</span> <span class='ocrx_word' id='word_1_147' title='bbox 522 1357 632 1423; x_wconf 75' lang='lat' dir='ltr'>Magnus</span> <span class='ocrx_word' id='word_1_148' title='bbox 645 1353 697 1423; x_wconf 88' lang='lat' dir='ltr'>(ab</span> <span class='ocrx_word' id='word_1_149' title='bbox 714 1353 786 1407; x_wconf 87' lang='lat' dir='ltr'>bisce</span> <span class='ocrx_word' id='word_1_150' title='bbox 797 1353 894 1415; x_wconf 89' lang='lat' dir='ltr'>omnia,</span> <span class='ocrx_word' id='word_1_151' title='bbox 907 1369 974 1425; x_wconf 84' lang='lat' dir='ltr'>quae</span> <span class='ocrx_word' id='word_1_152' title='bbox 984 1348 1061 1406; x_wconf 83' lang='lat' dir='ltr'>fictae</span> <span class='ocrx_word' id='word_1_153' title='bbox 1073 1350 1140 1404; x_wconf 71' lang='lat' dir='ltr'>Cor·</span> 
     </span>
     <span class='ocr_line' id='line_1_15' title="bbox 312 1435 1138 1506; baseline -0.008 -12"><span class='ocrx_word' id='word_1_154' title='bbox 312 1440 423 1494; x_wconf 82' lang='lat' dir='ltr'>stantiui</span> <span class='ocrx_word' id='word_1_155' title='bbox 436 1438 576 1492; x_wconf 85' lang='lat' dir='ltr'>donatione</span> <span class='ocrx_word' id='word_1_156' title='bbox 596 1439 748 1490; x_wconf 85' lang='lat' dir='ltr'>translatum</span> <span class='ocrx_word' id='word_1_157' title='bbox 768 1455 828 1490; x_wconf 88' lang='lat' dir='ltr'>esse</span> <span class='ocrx_word' id='word_1_158' title='bbox 845 1435 952 1506; x_wconf 89' lang='lat' dir='ltr'>lingunt</span> <span class='ocrx_word' id='word_1_159' title='bbox 969 1441 1138 1502; x_wconf 83' lang='lat' dir='ltr'>acceperunt)</span> 
     </span>
     <span class='ocr_line' id='line_1_16' title="bbox 315 1521 1138 1593; baseline -0.01 -16"><span class='ocrx_word' id='word_1_160' title='bbox 315 1526 418 1577; x_wconf 86' lang='lat' dir='ltr'>nullom</span> <span class='ocrx_word' id='word_1_161' title='bbox 436 1523 500 1576; x_wconf 89' lang='lat' dir='ltr'>iude</span> <span class='ocrx_word' id='word_1_162' title='bbox 517 1523 630 1593; x_wconf 89' lang='lat' dir='ltr'>imperio</span> <span class='ocrx_word' id='word_1_163' title='bbox 654 1539 815 1577; x_wconf 86' lang='lat' dir='ltr'>emersurum</span> <span class='ocrx_word' id='word_1_164' title='bbox 842 1521 1036 1574; x_wconf 84' lang='lat' dir='ltr'>detrimentum</span> <span class='ocrx_word' id='word_1_165' title='bbox 1066 1529 1138 1572; x_wconf 88' lang='lat' dir='ltr'>autu-</span> 
     </span>
     <span class='ocr_line' id='line_1_17' title="bbox 318 1603 1140 1671; baseline -0.007 -11"><span class='ocrx_word' id='word_1_166' title='bbox 318 1623 401 1671; x_wconf 87' lang='lat' dir='ltr'>mans,</span> <span class='ocrx_word' id='word_1_167' title='bbox 419 1606 586 1660; x_wconf 86' lang='lat' dir='ltr'>donationem</span> <span class='ocrx_word' id='word_1_168' title='bbox 603 1603 786 1670; x_wconf 82' lang='lat' dir='ltr'>confirmarit;</span> <span class='ocrx_word' id='word_1_169' title='bbox 816 1621 875 1657; x_wconf 90' lang='lat' dir='ltr'>cum</span> <span class='ocrx_word' id='word_1_170' title='bbox 902 1616 990 1657; x_wconf 88' lang='lat' dir='ltr'>autem</span> <span class='ocrx_word' id='word_1_171' title='bbox 1018 1603 1140 1659; x_wconf 87' lang='lat' dir='ltr'>riderent</span> 
     </span>
     <span class='ocr_line' id='line_1_18' title="bbox 317 1687 1137 1762; baseline -0.005 -19"><span class='ocrx_word' id='word_1_172' title='bbox 317 1687 472 1762; x_wconf 81' lang='lat' dir='ltr'>pontifices,</span> <span class='ocrx_word' id='word_1_173' title='bbox 489 1691 558 1760; x_wconf 85' lang='lat' dir='ltr'>quod</span> <span class='ocrx_word' id='word_1_174' title='bbox 577 1707 605 1743; x_wconf 87' lang='lat' dir='ltr'>se</span> <span class='ocrx_word' id='word_1_175' title='bbox 618 1707 690 1758; x_wconf 85' lang='lat' dir='ltr'>reges</span> <span class='ocrx_word' id='word_1_176' title='bbox 701 1691 734 1743; x_wconf 91' lang='lat' dir='ltr'>de</span> <span class='ocrx_word' id='word_1_177' title='bbox 746 1707 814 1760; x_wconf 91' lang='lat' dir='ltr'>genu</span> <span class='ocrx_word' id='word_1_178' title='bbox 825 1700 1026 1751; x_wconf 70' lang='lat' dir='ltr'>venerarentur,</span> <span class='ocrx_word' id='word_1_179' title='bbox 1044 1703 1137 1741; x_wconf 83' lang='lat' dir='ltr'>ereans</span> 
     </span>
     <span class='ocr_line' id='line_1_19' title="bbox 313 1774 1139 1849; baseline -0.006 -19"><span class='ocrx_word' id='word_1_180' title='bbox 313 1779 466 1849; x_wconf 86' lang='lat' dir='ltr'>principum</span> <span class='ocrx_word' id='word_1_181' title='bbox 485 1779 593 1830; x_wconf 86' lang='lat' dir='ltr'>consilia</span> <span class='ocrx_word' id='word_1_182' title='bbox 612 1779 705 1830; x_wconf 90' lang='lat' dir='ltr'>rimari</span> <span class='ocrx_word' id='word_1_183' title='bbox 724 1795 771 1846; x_wconf 90' lang='lat' dir='ltr'>pro</span> <span class='ocrx_word' id='word_1_184' title='bbox 789 1787 869 1832; x_wconf 87' lang='lat' dir='ltr'>status</span> <span class='ocrx_word' id='word_1_185' title='bbox 883 1774 984 1832; x_wconf 87' lang='lat' dir='ltr'>ratione</span> <span class='ocrx_word' id='word_1_186' title='bbox 998 1777 1139 1848; x_wconf 77' lang='lat' dir='ltr'>ponebant,</span> 
     </span>
     <span class='ocr_line' id='line_1_20' title="bbox 317 1861 1139 1931; baseline -0.001 -17"><span class='ocrx_word' id='word_1_187' title='bbox 317 1863 379 1914; x_wconf 85' lang='lat' dir='ltr'>dum</span> <span class='ocrx_word' id='word_1_188' title='bbox 398 1862 567 1914; x_wconf 89' lang='lat' dir='ltr'>conscientiis</span> <span class='ocrx_word' id='word_1_189' title='bbox 585 1862 715 1930; x_wconf 81' lang='lat' dir='ltr'>imperare</span> <span class='ocrx_word' id='word_1_190' title='bbox 734 1871 838 1931; x_wconf 79' lang='lat' dir='ltr'>possent</span> <span class='ocrx_word' id='word_1_191' title='bbox 857 1861 955 1921; x_wconf 86' lang='lat' dir='ltr'>libere,</span> <span class='ocrx_word' id='word_1_192' title='bbox 968 1862 1001 1914; x_wconf 91' lang='lat' dir='ltr'>ab</span> <span class='ocrx_word' id='word_1_193' title='bbox 1020 1861 1082 1913; x_wconf 86' lang='lat' dir='ltr'>hinc</span> <span class='ocrx_word' id='word_1_194' title='bbox 1096 1861 1139 1913; x_wconf 70' lang='lat' dir='ltr'>das·</span> 
     </span>
     <span class='ocr_line' id='line_1_21' title="bbox 318 1944 1141 2014; baseline -0.006 -12"><span class='ocrx_word' id='word_1_195' title='bbox 318 1949 432 2002; x_wconf 90' lang='lat' dir='ltr'>minium</span> <span class='ocrx_word' id='word_1_196' title='bbox 446 1946 498 2000; x_wconf 90' lang='lat' dir='ltr'>sibi</span> <span class='ocrx_word' id='word_1_197' title='bbox 517 1961 633 2000; x_wconf 85' lang='lat' dir='ltr'>atterere</span> <span class='ocrx_word' id='word_1_198' title='bbox 650 1946 679 1997; x_wconf 90' lang='lat' dir='ltr'>iu</span> <span class='ocrx_word' id='word_1_199' title='bbox 696 1961 787 1996; x_wconf 87' lang='lat' dir='ltr'>omues</span> <span class='ocrx_word' id='word_1_200' title='bbox 800 1944 935 2014; x_wconf 90' lang='lat' dir='ltr'>principes</span> <span class='ocrx_word' id='word_1_201' title='bbox 948 1955 1099 2014; x_wconf 89' lang='lat' dir='ltr'>coeperunt,</span> <span class='ocrx_word' id='word_1_202' title='bbox 1113 1955 1141 1997; x_wconf 85' lang='lat' dir='ltr'>nt</span> 
     </span>
     <span class='ocr_line' id='line_1_22' title="bbox 316 2028 1139 2100; baseline -0.007 -14"><span class='ocrx_word' id='word_1_203' title='bbox 316 2051 369 2086; x_wconf 82' lang='lat' dir='ltr'>riou</span> <span class='ocrx_word' id='word_1_204' title='bbox 390 2041 488 2084; x_wconf 86' lang='lat' dir='ltr'>tautum</span> <span class='ocrx_word' id='word_1_205' title='bbox 508 2030 682 2100; x_wconf 88' lang='lat' dir='ltr'>imperatores</span> <span class='ocrx_word' id='word_1_206' title='bbox 702 2028 796 2082; x_wconf 88' lang='lat' dir='ltr'>multos</span> <span class='ocrx_word' id='word_1_207' title='bbox 816 2029 1027 2082; x_wconf 70' lang='lat' dir='ltr'>conculcaverint</span> <span class='ocrx_word' id='word_1_208' title='bbox 1053 2029 1139 2098; x_wconf 87' lang='lat' dir='ltr'>pessi-</span> 
     </span>
     <span class='ocr_line' id='line_1_23' title="bbox 317 2117 1140 2188; baseline -0.001 -17"><span class='ocrx_word' id='word_1_209' title='bbox 317 2135 376 2183; x_wconf 85' lang='lat' dir='ltr'>me,</span> <span class='ocrx_word' id='word_1_210' title='bbox 395 2117 441 2170; x_wconf 89' lang='lat' dir='ltr'>setl</span> <span class='ocrx_word' id='word_1_211' title='bbox 457 2117 545 2169; x_wconf 89' lang='lat' dir='ltr'>adbuc</span> <span class='ocrx_word' id='word_1_212' title='bbox 562 2126 622 2169; x_wconf 90' lang='lat' dir='ltr'>aute</span> <span class='ocrx_word' id='word_1_213' title='bbox 640 2132 723 2188; x_wconf 80' lang='lat' dir='ltr'>anuos</span> <span class='ocrx_word' id='word_1_214' title='bbox 744 2133 796 2167; x_wconf 91' lang='lat' dir='ltr'>non</span> <span class='ocrx_word' id='word_1_215' title='bbox 824 2117 860 2168; x_wconf 91' lang='lat' dir='ltr'>ita</span> <span class='ocrx_word' id='word_1_216' title='bbox 891 2117 987 2168; x_wconf 89' lang='lat' dir='ltr'>multos</span> <span class='ocrx_word' id='word_1_217' title='bbox 1012 2117 1140 2170; x_wconf 82' lang='lat' dir='ltr'>Maximi·</span> 
     </span>
     <span class='ocr_line' id='line_1_24' title="bbox 318 2196 1139 2272; baseline -0.001 -17"><span class='ocrx_word' id='word_1_218' title='bbox 318 2204 389 2255; x_wconf 88' lang='lat' dir='ltr'>liano</span> <span class='ocrx_word' id='word_1_219' title='bbox 406 2201 521 2255; x_wconf 73' lang='lat' dir='ltr'>meando</span> <span class='ocrx_word' id='word_1_220' title='bbox 541 2201 679 2269; x_wconf 81' lang='lat' dir='ltr'>scripserit</span> <span class='ocrx_word' id='word_1_221' title='bbox 705 2196 792 2271; x_wconf 84' lang='lat' dir='ltr'>Papa,</span> <span class='ocrx_word' id='word_1_222' title='bbox 815 2201 843 2253; x_wconf 88' lang='lat' dir='ltr'>itt</span> <span class='ocrx_word' id='word_1_223' title='bbox 864 2217 908 2254; x_wconf 88' lang='lat' dir='ltr'>sua</span> <span class='ocrx_word' id='word_1_224' title='bbox 927 2210 1051 2272; x_wconf 72' lang='lat' dir='ltr'>potestate</span> <span class='ocrx_word' id='word_1_225' title='bbox 1070 2219 1139 2267; x_wconf 89' lang='lat' dir='ltr'>esse,</span> 
     </span>
    </p>
   </div>
   <div class='ocr_carea' id='block_1_4' title="bbox 1186 931 2011 2269">
    <p class='ocr_par' dir='ltr' id='par_1_4' title="bbox 1186 931 2011 2269">
     <span class='ocr_line' id='line_1_25' title="bbox 1186 931 2003 1007; baseline 0.026 -23"><span class='ocrx_word' id='word_1_226' title='bbox 1186 931 1337 998; x_wconf 82' lang='lat' dir='ltr'>geniturae,</span> <span class='ocrx_word' id='word_1_227' title='bbox 1354 951 1405 1003; x_wconf 88' lang='lat' dir='ltr'>qua</span> <span class='ocrx_word' id='word_1_228' title='bbox 1427 933 1687 1006; x_wconf 71' lang='lat' dir='ltr'>foeminarumque,</span> <span class='ocrx_word' id='word_1_229' title='bbox 1708 958 1784 995; x_wconf 84' lang='lat' dir='ltr'>sexus</span> <span class='ocrx_word' id='word_1_230' title='bbox 1803 957 1888 1001; x_wconf 79' lang='lat' dir='ltr'>tuanen</span> <span class='ocrx_word' id='word_1_231' title='bbox 1915 955 2003 1007; x_wconf 87' lang='lat' dir='ltr'>obser·</span> 
     </span>
     <span class='ocr_line' id='line_1_26' title="bbox 1189 1017 2006 1088; baseline 0.027 -23"><span class='ocrx_word' id='word_1_232' title='bbox 1189 1023 1246 1066; x_wconf 88' lang='lat' dir='ltr'>aata</span> <span class='ocrx_word' id='word_1_233' title='bbox 1266 1017 1460 1085; x_wconf 74' lang='lat' dir='ltr'>praerogatiua,</span> <span class='ocrx_word' id='word_1_234' title='bbox 1480 1020 1637 1070; x_wconf 83' lang='lat' dir='ltr'>successioni</span> <span class='ocrx_word' id='word_1_235' title='bbox 1656 1019 1786 1078; x_wconf 87' lang='lat' dir='ltr'>incussit·</span> <span class='ocrx_word' id='word_1_236' title='bbox 1809 1027 1853 1080; x_wconf 86' lang='lat' dir='ltr'>Sic</span> <span class='ocrx_word' id='word_1_237' title='bbox 1871 1048 1896 1082; x_wconf 89' lang='lat' dir='ltr'>a.</span> <span class='ocrx_word' id='word_1_238' title='bbox 1921 1035 2006 1088; x_wconf 75' lang='lat' dir='ltr'>tdtt.</span> 
     </span>
     <span class='ocr_line' id='line_1_27' title="bbox 1189 1099 2008 1175; baseline 0.024 -29"><span class='ocrx_word' id='word_1_239' title='bbox 1189 1107 1291 1150; x_wconf 85' lang='lat' dir='ltr'>mortuo</span> <span class='ocrx_word' id='word_1_240' title='bbox 1310 1099 1461 1154; x_wconf 86' lang='lat' dir='ltr'>Willtelauo</span> <span class='ocrx_word' id='word_1_241' title='bbox 1485 1100 1619 1168; x_wconf 72' lang='lat' dir='ltr'>juliacensi</span> <span class='ocrx_word' id='word_1_242' title='bbox 1637 1105 1723 1158; x_wconf 76' lang='lat' dir='ltr'>utana</span> <span class='ocrx_word' id='word_1_243' title='bbox 1742 1107 1812 1162; x_wconf 86' lang='lat' dir='ltr'>dotis</span> <span class='ocrx_word' id='word_1_244' title='bbox 1831 1113 1887 1167; x_wconf 91' lang='lat' dir='ltr'>loco</span> <span class='ocrx_word' id='word_1_245' title='bbox 1906 1119 2008 1175; x_wconf 87' lang='lat' dir='ltr'>Joltau.</span> 
     </span>
     <span class='ocr_line' id='line_1_28' title="bbox 1188 1179 2007 1268; baseline 0.029 -38"><span class='ocrx_word' id='word_1_246' title='bbox 1188 1181 1215 1230; x_wconf 89' lang='lat' dir='ltr'>ni</span> <span class='ocrx_word' id='word_1_247' title='bbox 1236 1179 1284 1231; x_wconf 94' lang='lat' dir='ltr'>lll.</span> <span class='ocrx_word' id='word_1_248' title='bbox 1302 1182 1418 1244; x_wconf 83' lang='lat' dir='ltr'>duliam,</span> <span class='ocrx_word' id='word_1_249' title='bbox 1436 1185 1569 1236; x_wconf 81' lang='lat' dir='ltr'>Montium</span> <span class='ocrx_word' id='word_1_250' title='bbox 1595 1185 1713 1242; x_wconf 86' lang='lat' dir='ltr'>ducatum</span> <span class='ocrx_word' id='word_1_251' title='bbox 1744 1200 1771 1243; x_wconf 88' lang='lat' dir='ltr'>et</span> <span class='ocrx_word' id='word_1_252' title='bbox 1798 1200 2007 1268; x_wconf 81' lang='lat' dir='ltr'>rarensbcrgen·</span> 
     </span>
     <span class='ocr_line' id='line_1_29' title="bbox 1189 1263 2005 1341; baseline 0.029 -29"><span class='ocrx_word' id='word_1_253' title='bbox 1189 1263 1256 1313; x_wconf 89' lang='lat' dir='ltr'>sium</span> <span class='ocrx_word' id='word_1_254' title='bbox 1277 1265 1430 1319; x_wconf 88' lang='lat' dir='ltr'>comitatum</span> <span class='ocrx_word' id='word_1_255' title='bbox 1449 1267 1552 1319; x_wconf 89' lang='lat' dir='ltr'>detulit.</span> <span class='ocrx_word' id='word_1_256' title='bbox 1571 1268 1631 1337; x_wconf 83' lang='lat' dir='ltr'>Quo</span> <span class='ocrx_word' id='word_1_257' title='bbox 1650 1287 1708 1324; x_wconf 85' lang='lat' dir='ltr'>reso</span> <span class='ocrx_word' id='word_1_258' title='bbox 1728 1283 1829 1341; x_wconf 79' lang='grc' dir='ltr'>ριιιιιιι</span> <span class='ocrx_word' id='word_1_259' title='bbox 1848 1279 1880 1329; x_wconf 90' lang='lat' dir='ltr'>de</span> <span class='ocrx_word' id='word_1_260' title='bbox 1905 1279 2005 1336; x_wconf 80' lang='lat' dir='ltr'>toani-</span> 
     </span>
     <span class='ocr_line' id='line_1_30' title="bbox 1190 1350 2006 1432; baseline 0.023 -36"><span class='ocrx_word' id='word_1_261' title='bbox 1190 1363 1280 1400; x_wconf 88' lang='lat' dir='ltr'>naruru</span> <span class='ocrx_word' id='word_1_262' title='bbox 1299 1350 1462 1402; x_wconf 85' lang='lat' dir='ltr'>sarccessiuue</span> <span class='ocrx_word' id='word_1_263' title='bbox 1491 1362 1563 1404; x_wconf 91' lang='lat' dir='ltr'>certo</span> <span class='ocrx_word' id='word_1_264' title='bbox 1581 1351 1723 1407; x_wconf 80' lang='lat' dir='ltr'>inbllibile</span> <span class='ocrx_word' id='word_1_265' title='bbox 1753 1373 1917 1427; x_wconf 78' lang='grc' dir='ltr'>ιιιιιιιιιιι,</span> <span class='ocrx_word' id='word_1_266' title='bbox 1943 1385 2006 1432; x_wconf 70' lang='grc' dir='ltr'>ηιμ</span> 
     </span>
     <span class='ocr_line' id='line_1_31' title="bbox 1190 1429 2008 1505; baseline 0.031 -25"><span class='ocrx_word' id='word_1_267' title='bbox 1190 1429 1314 1490; x_wconf 74' lang='lat' dir='ltr'>Albertns&#39;</span> <span class='ocrx_word' id='word_1_268' title='bbox 1331 1433 1460 1487; x_wconf 73' lang='lat' dir='ltr'>saxoniae</span> <span class='ocrx_word' id='word_1_269' title='bbox 1478 1433 1532 1486; x_wconf 91' lang='lat' dir='ltr'>dnx</span> <span class='ocrx_word' id='word_1_270' title='bbox 1551 1436 1634 1490; x_wconf 86' lang='lat' dir='ltr'>inscio</span> <span class='ocrx_word' id='word_1_271' title='bbox 1654 1439 1807 1494; x_wconf 87' lang='lat' dir='ltr'>Wilbelmo</span> <span class='ocrx_word' id='word_1_272' title='bbox 1827 1461 1843 1495; x_wconf 91' lang='lat' dir='ltr'>a</span> <span class='ocrx_word' id='word_1_273' title='bbox 1868 1443 2008 1505; x_wconf 85' lang='lat' dir='ltr'>Friderloc</span> 
     </span>
     <span class='ocr_line' id='line_1_32' title="bbox 1189 1515 2006 1588; baseline 0.027 -24"><span class='ocrx_word' id='word_1_274' title='bbox 1189 1515 1346 1584; x_wconf 84' lang='lat' dir='ltr'>imperatore</span> <span class='ocrx_word' id='word_1_275' title='bbox 1364 1520 1557 1588; x_wconf 80' lang='lat' dir='ltr'>expectantium</span> <span class='ocrx_word' id='word_1_276' title='bbox 1576 1518 1630 1571; x_wconf 92' lang='lat' dir='ltr'>sibi</span> <span class='ocrx_word' id='word_1_277' title='bbox 1649 1520 1677 1572; x_wconf 91' lang='lat' dir='ltr'>iu</span> <span class='ocrx_word' id='word_1_278' title='bbox 1695 1523 1780 1576; x_wconf 87' lang='lat' dir='ltr'>dictos</span> <span class='ocrx_word' id='word_1_279' title='bbox 1798 1526 1914 1582; x_wconf 86' lang='lat' dir='ltr'>docatus</span> <span class='ocrx_word' id='word_1_280' title='bbox 1946 1535 2006 1587; x_wconf 89' lang='lat' dir='ltr'>dari</span> 
     </span>
     <span class='ocr_line' id='line_1_33' title="bbox 1190 1600 2007 1680; baseline 0.029 -33"><span class='ocrx_word' id='word_1_281' title='bbox 1190 1600 1310 1666; x_wconf 89' lang='lat' dir='ltr'>petierat,</span> <span class='ocrx_word' id='word_1_282' title='bbox 1323 1602 1457 1657; x_wconf 78' lang='lat' dir='ltr'>renovatio</span> <span class='ocrx_word' id='word_1_283' title='bbox 1475 1605 1546 1672; x_wconf 89' lang='lat' dir='ltr'>pacti</span> <span class='ocrx_word' id='word_1_284' title='bbox 1561 1623 1574 1655; x_wconf 90' lang='lat' dir='ltr'>a</span> <span class='ocrx_word' id='word_1_285' title='bbox 1587 1605 1777 1662; x_wconf 67' lang='lat' dir='ltr'>maximiliano</span> <span class='ocrx_word' id='word_1_286' title='bbox 1789 1614 1875 1680; x_wconf 88' lang='lat' dir='ltr'>primo</span> <span class='ocrx_word' id='word_1_287' title='bbox 1885 1633 1908 1666; x_wconf 89' lang='lat' dir='ltr'>a.</span> <span class='ocrx_word' id='word_1_288' title='bbox 1925 1619 2007 1675; x_wconf 78' lang='lat' dir='ltr'>teos.</span> 
     </span>
     <span class='ocr_line' id='line_1_34' title="bbox 1190 1685 2008 1760; baseline 0.034 -27"><span class='ocrx_word' id='word_1_289' title='bbox 1190 1693 1216 1734; x_wconf 92' lang='lat' dir='ltr'>et</span> <span class='ocrx_word' id='word_1_290' title='bbox 1235 1685 1314 1737; x_wconf 75' lang='lat' dir='ltr'>teos.</span> <span class='ocrx_word' id='word_1_291' title='bbox 1333 1687 1469 1756; x_wconf 82' lang='lat' dir='ltr'>impetrata</span> <span class='ocrx_word' id='word_1_292' title='bbox 1486 1701 1524 1741; x_wconf 87' lang='lat' dir='ltr'>est</span> <span class='ocrx_word' id='word_1_293' title='bbox 1544 1688 1638 1742; x_wconf 90' lang='lat' dir='ltr'>deuuo.</span> <span class='ocrx_word' id='word_1_294' title='bbox 1656 1690 1792 1746; x_wconf 88' lang='lat' dir='ltr'>Caeterum</span> <span class='ocrx_word' id='word_1_295' title='bbox 1812 1711 1844 1749; x_wconf 88' lang='lat' dir='ltr'>ex</span> <span class='ocrx_word' id='word_1_296' title='bbox 1869 1699 1942 1757; x_wconf 88' lang='lat' dir='ltr'>dicto</span> <span class='ocrx_word' id='word_1_297' title='bbox 1959 1709 2008 1760; x_wconf 85' lang='lat' dir='ltr'>do·</span> 
     </span>
     <span class='ocr_line' id='line_1_35' title="bbox 1191 1765 2010 1842; baseline 0.017 -25"><span class='ocrx_word' id='word_1_298' title='bbox 1191 1765 1287 1818; x_wconf 84' lang='lat' dir='ltr'>bannis</span> <span class='ocrx_word' id='word_1_299' title='bbox 1306 1770 1374 1822; x_wconf 88' lang='lat' dir='ltr'>tertii</span> <span class='ocrx_word' id='word_1_300' title='bbox 1395 1782 1420 1823; x_wconf 87' lang='lat' dir='ltr'>et</span> <span class='ocrx_word' id='word_1_301' title='bbox 1435 1773 1538 1824; x_wconf 88' lang='lat' dir='ltr'>Mariae</span> <span class='ocrx_word' id='word_1_302' title='bbox 1556 1773 1768 1842; x_wconf 75' lang='lat' dir='ltr'>eoujaagiolilius</span> <span class='ocrx_word' id='word_1_303' title='bbox 1793 1799 1860 1834; x_wconf 88' lang='lat' dir='ltr'>uuus</span> <span class='ocrx_word' id='word_1_304' title='bbox 1886 1787 2010 1842; x_wconf 65' lang='lat' dir='ltr'>vvittaet„</span> 
     </span>
     <span class='ocr_line' id='line_1_36' title="bbox 1193 1852 2007 1928; baseline 0.032 -25"><span class='ocrx_word' id='word_1_305' title='bbox 1193 1870 1250 1918; x_wconf 78' lang='lat' dir='ltr'>tuus</span> <span class='ocrx_word' id='word_1_306' title='bbox 1269 1852 1358 1920; x_wconf 85' lang='lat' dir='ltr'>junior</span> <span class='ocrx_word' id='word_1_307' title='bbox 1387 1865 1412 1906; x_wconf 93' lang='lat' dir='ltr'>et</span> <span class='ocrx_word' id='word_1_308' title='bbox 1432 1867 1485 1910; x_wconf 91' lang='lat' dir='ltr'>tres</span> <span class='ocrx_word' id='word_1_309' title='bbox 1502 1853 1589 1921; x_wconf 77' lang='lat' dir='ltr'>filiae,</span> <span class='ocrx_word' id='word_1_310' title='bbox 1609 1859 1708 1928; x_wconf 82' lang='lat' dir='ltr'>Sibylla</span> <span class='ocrx_word' id='word_1_311' title='bbox 1727 1863 1843 1918; x_wconf 79' lang='lat' dir='ltr'>dobauui</span> <span class='ocrx_word' id='word_1_312' title='bbox 1869 1869 2007 1928; x_wconf 78' lang='lat' dir='ltr'>Fridericc</span> 
     </span>
     <span class='ocr_line' id='line_1_37' title="bbox 1192 1937 2007 2011; baseline 0.016 -22"><span class='ocrx_word' id='word_1_313' title='bbox 1192 1937 1301 1989; x_wconf 88' lang='lat' dir='ltr'>electori</span> <span class='ocrx_word' id='word_1_314' title='bbox 1322 1937 1449 1992; x_wconf 79' lang='lat' dir='ltr'>saxoniae</span> <span class='ocrx_word' id='word_1_315' title='bbox 1468 1949 1566 2009; x_wconf 86' lang='lat' dir='ltr'>nupta,</span> <span class='ocrx_word' id='word_1_316' title='bbox 1586 1942 1662 1995; x_wconf 78' lang='lat' dir='ltr'>Anna</span> <span class='ocrx_word' id='word_1_317' title='bbox 1688 1947 1804 2002; x_wconf 83' lang='lat' dir='ltr'>lleutioo</span> <span class='ocrx_word' id='word_1_318' title='bbox 1832 1964 1921 2008; x_wconf 89' lang='lat' dir='ltr'>octavo</span> <span class='ocrx_word' id='word_1_319' title='bbox 1950 1958 2007 2011; x_wconf 75' lang='lat' dir='ltr'>An.</span> 
     </span>
     <span class='ocr_line' id='line_1_38' title="bbox 1190 2021 2008 2108; baseline 0.031 -36"><span class='ocrx_word' id='word_1_320' title='bbox 1190 2021 1257 2089; x_wconf 79' lang='lat' dir='ltr'>glise</span> <span class='ocrx_word' id='word_1_321' title='bbox 1275 2022 1329 2089; x_wconf 79' lang='lat' dir='ltr'>regi</span> <span class='ocrx_word' id='word_1_322' title='bbox 1349 2023 1515 2092; x_wconf 81' lang='lat' dir='ltr'>desponsata,</span> <span class='ocrx_word' id='word_1_323' title='bbox 1534 2037 1560 2078; x_wconf 90' lang='lat' dir='ltr'>et</span> <span class='ocrx_word' id='word_1_324' title='bbox 1579 2027 1692 2082; x_wconf 81' lang='lat' dir='ltr'>Aemilia</span> <span class='ocrx_word' id='word_1_325' title='bbox 1713 2034 1799 2100; x_wconf 69' lang='lat' dir='ltr'>sigupu</span> <span class='ocrx_word' id='word_1_326' title='bbox 1812 2049 1873 2089; x_wconf 81' lang='lat' dir='ltr'>sttui</span> <span class='ocrx_word' id='word_1_327' title='bbox 1887 2045 2008 2108; x_wconf 87' lang='lat' dir='ltr'>pronati.</span> 
     </span>
     <span class='ocr_line' id='line_1_39' title="bbox 1191 2106 2009 2189; baseline 0.029 -32"><span class='ocrx_word' id='word_1_328' title='bbox 1191 2106 1358 2164; x_wconf 87' lang='lat' dir='ltr'>Wilbelmus</span> <span class='ocrx_word' id='word_1_329' title='bbox 1375 2109 1464 2176; x_wconf 81' lang='lat' dir='ltr'>junior</span> <span class='ocrx_word' id='word_1_330' title='bbox 1481 2107 1642 2163; x_wconf 78' lang='lat' dir='ltr'>t‘erutnmdt</span> <span class='ocrx_word' id='word_1_331' title='bbox 1669 2114 1753 2182; x_wconf 88' lang='lat' dir='ltr'>primi</span> <span class='ocrx_word' id='word_1_332' title='bbox 1779 2115 1948 2189; x_wconf 86' lang='lat' dir='ltr'>imperatoris</span> <span class='ocrx_word' id='word_1_333' title='bbox 1974 2125 2009 2180; x_wconf 79' lang='lat' dir='ltr'>l&#39;t·</span> 
     </span>
     <span class='ocr_line' id='line_1_40' title="bbox 1191 2189 2011 2269; baseline 0.029 -27"><span class='ocrx_word' id='word_1_334' title='bbox 1191 2191 1253 2244; x_wconf 89' lang='lat' dir='ltr'>liam</span> <span class='ocrx_word' id='word_1_335' title='bbox 1271 2191 1384 2247; x_wconf 80' lang='lat' dir='ltr'>Mariam</span> <span class='ocrx_word' id='word_1_336' title='bbox 1411 2189 1502 2258; x_wconf 91' lang='lat' dir='ltr'>duxit,</span> <span class='ocrx_word' id='word_1_337' title='bbox 1525 2193 1627 2247; x_wconf 90' lang='lat' dir='ltr'>obtenti</span> <span class='ocrx_word' id='word_1_338' title='bbox 1655 2197 1686 2248; x_wconf 93' lang='lat' dir='ltr'>ab</span> <span class='ocrx_word' id='word_1_339' title='bbox 1706 2199 1909 2269; x_wconf 85' lang='lat' dir='ltr'>imperatoribus</span> <span class='ocrx_word' id='word_1_340' title='bbox 1934 2227 2011 2265; x_wconf 86' lang='lat' dir='ltr'>com·</span> 
     </span>
    </p>
   </div>
   <div class='ocr_carea' id='block_1_5' title="bbox 284 2275 2012 3113">
    <p class='ocr_par' dir='ltr' id='par_1_5' title="bbox 318 2275 2011 2622">
     <span class='ocr_line' id='line_1_41' title="bbox 320 2275 2009 2355; baseline 0.007 -19"><span class='ocrx_word' id='word_1_341' title='bbox 320 2295 347 2336; x_wconf 91' lang='lat' dir='ltr'>et</span> <span class='ocrx_word' id='word_1_342' title='bbox 366 2285 496 2355; x_wconf 86' lang='lat' dir='ltr'>deponere</span> <span class='ocrx_word' id='word_1_343' title='bbox 514 2294 540 2339; x_wconf 87' lang='lat' dir='ltr'>et</span> <span class='ocrx_word' id='word_1_344' title='bbox 557 2284 667 2338; x_wconf 82' lang='lat' dir='ltr'>crebere</span> <span class='ocrx_word' id='word_1_345' title='bbox 683 2284 875 2354; x_wconf 85' lang='lat' dir='ltr'>imperatores,</span> <span class='ocrx_word' id='word_1_346' title='bbox 894 2287 939 2340; x_wconf 83' lang='lat' dir='ltr'>sed</span> <span class='ocrx_word' id='word_1_347' title='bbox 958 2284 1051 2341; x_wconf 78' lang='lat' dir='ltr'>frustra</span> <span class='ocrx_word' id='word_1_348' title='bbox 1069 2297 1139 2349; x_wconf 89' lang='lat' dir='ltr'>erat,</span> <span class='ocrx_word' id='word_1_349' title='bbox 1191 2277 1291 2346; x_wconf 65' lang='lat' dir='ltr'>tifllfflll</span> <span class='ocrx_word' id='word_1_350' title='bbox 1309 2279 1378 2332; x_wconf 65' lang='lat'>‘⁶¹3⁰</span> <span class='ocrx_word' id='word_1_351' title='bbox 1396 2287 1530 2347; x_wconf 65' lang='lat' dir='ltr'>P⁸⁰i⁰f⁰¹¹¹</span> <span class='ocrx_word' id='word_1_352' title='bbox 1549 2275 1800 2340; x_wconf 65' lang='lat' dir='ltr'>²⁰¹¹flim¹ii⁰⁰ib⁰b</span> <span class='ocrx_word' id='word_1_353' title='bbox 1828 2289 1865 2342; x_wconf 71' lang='lat' dir='ltr'>E!</span> <span class='ocrx_word' id='word_1_354' title='bbox 1884 2292 1933 2348; x_wconf 86' lang='lat' dir='ltr'>boc</span> <span class='ocrx_word' id='word_1_355' title='bbox 1952 2315 2009 2350; x_wconf 90' lang='lat' dir='ltr'>ma·</span> 
     </span>
     <span class='ocr_line' id='line_1_42' title="bbox 319 2360 2009 2440; baseline 0.009 -18"><span class='ocrx_word' id='word_1_356' title='bbox 319 2369 452 2438; x_wconf 89' lang='lat' dir='ltr'>necqund</span> <span class='ocrx_word' id='word_1_357' title='bbox 471 2367 1137 2440; x_wconf 85' lang='lat' dir='ltr'>promiseratsibireportabat,prlncipibusnaru-</span> <span class='ocrx_word' id='word_1_358' title='bbox 1191 2361 1314 2416; x_wconf 87' lang='lat' dir='ltr'>trimunio</span> <span class='ocrx_word' id='word_1_359' title='bbox 1344 2366 1394 2416; x_wconf 78' lang='lat' dir='ltr'>duo</span> <span class='ocrx_word' id='word_1_360' title='bbox 1421 2360 1475 2416; x_wconf 74' lang='lat' dir='ltr'>filli</span> <span class='ocrx_word' id='word_1_361' title='bbox 1506 2363 1613 2419; x_wconf 68' lang='lat' dir='ltr'>Cetolttt</span> <span class='ocrx_word' id='word_1_362' title='bbox 1644 2367 1795 2424; x_wconf 81' lang='lat' dir='ltr'>l&#39;ridericus</span> <span class='ocrx_word' id='word_1_363' title='bbox 1824 2387 1851 2428; x_wconf 85' lang='lat' dir='ltr'>et</span> <span class='ocrx_word' id='word_1_364' title='bbox 1869 2379 2009 2436; x_wconf 86' lang='lat' dir='ltr'>Joltannes</span> 
     </span>
     <span class='ocr_line' id='line_1_43' title="bbox 319 2447 2010 2525; baseline 0.009 -19"><span class='ocrx_word' id='word_1_365' title='bbox 319 2473 369 2523; x_wconf 89' lang='lat' dir='ltr'>quc</span> <span class='ocrx_word' id='word_1_366' title='bbox 388 2454 485 2508; x_wconf 90' lang='lat' dir='ltr'>nostris</span> <span class='ocrx_word' id='word_1_367' title='bbox 498 2451 591 2505; x_wconf 88' lang='lat' dir='ltr'>melior</span> <span class='ocrx_word' id='word_1_368' title='bbox 609 2451 675 2504; x_wconf 86' lang='lat' dir='ltr'>lacta</span> <span class='ocrx_word' id='word_1_369' title='bbox 694 2461 732 2505; x_wconf 86' lang='lat' dir='ltr'>est</span> <span class='ocrx_word' id='word_1_370' title='bbox 749 2451 859 2525; x_wconf 90' lang='lat' dir='ltr'>opinio,</span> <span class='ocrx_word' id='word_1_371' title='bbox 878 2461 908 2507; x_wconf 89' lang='lat' dir='ltr'>ut</span> <span class='ocrx_word' id='word_1_372' title='bbox 928 2454 1020 2523; x_wconf 89' lang='lat' dir='ltr'>papale</span> <span class='ocrx_word' id='word_1_373' title='bbox 1038 2452 1138 2506; x_wconf 80' lang='lat' dir='ltr'>fulmen</span> <span class='ocrx_word' id='word_1_374' title='bbox 1192 2447 1357 2505; x_wconf 76' lang='lat' dir='ltr'>wilhelmus</span> <span class='ocrx_word' id='word_1_375' title='bbox 1375 2466 1404 2500; x_wconf 87' lang='lat' dir='ltr'>ac</span> <span class='ocrx_word' id='word_1_376' title='bbox 1422 2448 1539 2518; x_wconf 82' lang='lat' dir='ltr'>quinque</span> <span class='ocrx_word' id='word_1_377' title='bbox 1556 2448 1627 2502; x_wconf 89' lang='lat' dir='ltr'>liliae</span> <span class='ocrx_word' id='word_1_378' title='bbox 1646 2453 1731 2507; x_wconf 84' lang='lat' dir='ltr'>Maria</span> <span class='ocrx_word' id='word_1_379' title='bbox 1749 2455 1885 2524; x_wconf 87' lang='lat' dir='ltr'>Eleonora,</span> <span class='ocrx_word' id='word_1_380' title='bbox 1906 2463 2010 2522; x_wconf 80' lang='lat' dir='ltr'>iliberri</span> 
     </span>
     <span class='ocr_line' id='line_1_44' title="bbox 318 2529 2011 2622; baseline 0.004 -32"><span class='ocrx_word' id='word_1_381' title='bbox 318 2539 448 2607; x_wconf 84' lang='lat' dir='ltr'>stringere</span> <span class='ocrx_word' id='word_1_382' title='bbox 461 2553 513 2591; x_wconf 89' lang='lat' dir='ltr'>nou</span> <span class='ocrx_word' id='word_1_383' title='bbox 532 2535 642 2590; x_wconf 87' lang='lat' dir='ltr'>audeant</span> <span class='ocrx_word' id='word_1_384' title='bbox 659 2536 782 2607; x_wconf 89' lang='lat' dir='ltr'>amplius.</span> <span class='ocrx_word' id='word_1_385' title='bbox 1191 2529 1321 2585; x_wconf 83' lang='lat' dir='ltr'>Friderici</span> <span class='ocrx_word' id='word_1_386' title='bbox 1344 2531 1483 2586; x_wconf 87' lang='lat' dir='ltr'>Borussiae</span> <span class='ocrx_word' id='word_1_387' title='bbox 1500 2537 1592 2600; x_wconf 89' lang='lat' dir='ltr'>ducis,</span> <span class='ocrx_word' id='word_1_388' title='bbox 1612 2535 1701 2601; x_wconf 79' lang='lat' dir='ltr'>Anna,</span> <span class='ocrx_word' id='word_1_389' title='bbox 1724 2538 1841 2612; x_wconf 87' lang='lat' dir='ltr'>Philippi</span> <span class='ocrx_word' id='word_1_390' title='bbox 1861 2544 2011 2622; x_wconf 78' lang='lat' dir='ltr'>Neoburgi.</span> 
     </span>
    </p>

    <p class='ocr_par' dir='ltr' id='par_1_6' title="bbox 284 2615 2012 3113">
     <span class='ocr_line' id='line_1_45' title="bbox 355 2615 2011 2699; baseline 0.005 -25"><span class='ocrx_word' id='word_1_391' title='bbox 355 2625 378 2688; x_wconf 89' lang='lat'>§.</span> <span class='ocrx_word' id='word_1_392' title='bbox 397 2623 423 2674; x_wconf 81' lang='grc'>9.</span> <span class='ocrx_word' id='word_1_393' title='bbox 442 2622 582 2693; x_wconf 76' lang='lat' dir='ltr'>Quaerenti</span> <span class='ocrx_word' id='word_1_394' title='bbox 600 2621 712 2683; x_wconf 82' lang='lat' dir='ltr'>exinde,</span> <span class='ocrx_word' id='word_1_395' title='bbox 732 2638 796 2675; x_wconf 84' lang='lat' dir='ltr'>nuru</span> <span class='ocrx_word' id='word_1_396' title='bbox 821 2625 878 2690; x_wconf 89' lang='lat' dir='ltr'>jure</span> <span class='ocrx_word' id='word_1_397' title='bbox 903 2639 970 2693; x_wconf 90' lang='lat' dir='ltr'>papa</span> <span class='ocrx_word' id='word_1_398' title='bbox 996 2622 1138 2676; x_wconf 88' lang='lat' dir='ltr'>secularem</span> <span class='ocrx_word' id='word_1_399' title='bbox 1190 2615 1232 2681; x_wconf 69' lang='grc' dir='ltr'>οἱ.</span> <span class='ocrx_word' id='word_1_400' title='bbox 1251 2615 1419 2686; x_wconf 79' lang='lat' dir='ltr'>Magdalena,</span> <span class='ocrx_word' id='word_1_401' title='bbox 1445 2617 1576 2672; x_wconf 76' lang='lat' dir='ltr'>Jonannta</span> <span class='ocrx_word' id='word_1_402' title='bbox 1607 2617 1761 2689; x_wconf 88' lang='lat' dir='ltr'>Bipontini,</span> <span class='ocrx_word' id='word_1_403' title='bbox 1790 2627 1905 2699; x_wconf 74' lang='lat' dir='ltr'>sttvtta,</span> <span class='ocrx_word' id='word_1_404' title='bbox 1935 2637 2011 2689; x_wconf 67' lang='lat' dir='ltr'>Mar.</span> 
     </span>
     <span class='ocr_line' id='line_1_46' title="bbox 308 2701 2010 2789; baseline 0.024 -57"><span class='ocrx_word' id='word_1_405' title='bbox 308 2718 437 2765; x_wconf 59' lang='lat' dir='ltr'>mmp</span> <span class='ocrx_word' id='word_1_406' title='bbox 455 2708 678 2776; x_wconf 53' lang='lat' dir='ltr'>impletionem,</span> <span class='ocrx_word' id='word_1_407' title='bbox 697 2710 888 2780; x_wconf 86' lang='lat' dir='ltr'>respondemus</span> <span class='ocrx_word' id='word_1_408' title='bbox 898 2707 1004 2778; x_wconf 84' lang='lat' dir='ltr'>,quoad</span> <span class='ocrx_word' id='word_1_409' title='bbox 1016 2710 1140 2779; x_wconf 76' lang='lat' dir='ltr'>quasdam</span> <span class='ocrx_word' id='word_1_410' title='bbox 1191 2701 1294 2755; x_wconf 83' lang='lat' dir='ltr'>cbiouit</span> <span class='ocrx_word' id='word_1_411' title='bbox 1319 2703 1470 2771; x_wconf 83' lang='lat' dir='ltr'>Burggrarii</span> <span class='ocrx_word' id='word_1_412' title='bbox 1502 2707 1641 2772; x_wconf 82' lang='lat' dir='ltr'>conjuges,</span> <span class='ocrx_word' id='word_1_413' title='bbox 1661 2708 1855 2766; x_wconf 84' lang='lat' dir='ltr'>etElisalsetba</span> <span class='ocrx_word' id='word_1_414' title='bbox 1886 2721 2010 2789; x_wconf 85' lang='lat' dir='ltr'>impubes</span> 
     </span>
     <span class='ocr_line' id='line_1_47' title="bbox 284 2787 2012 2863; baseline 0.004 -19"><span class='ocrx_word' id='word_1_415' title='bbox 284 2791 295 2803; x_wconf 67' lang='lat'><strong><em>‘</em></strong></span> <span class='ocrx_word' id='word_1_416' title='bbox 319 2802 402 2846; x_wconf 89' lang='lat' dir='ltr'>terras</span> <span class='ocrx_word' id='word_1_417' title='bbox 419 2792 473 2863; x_wconf 91' lang='lat' dir='ltr'>ipsi</span> <span class='ocrx_word' id='word_1_418' title='bbox 492 2791 614 2861; x_wconf 75' lang='lat' dir='ltr'>denegari</span> <span class='ocrx_word' id='word_1_419' title='bbox 633 2808 686 2844; x_wconf 90' lang='lat' dir='ltr'>uon</span> <span class='ocrx_word' id='word_1_420' title='bbox 705 2809 779 2860; x_wconf 88' lang='lat' dir='ltr'>posse</span> <span class='ocrx_word' id='word_1_421' title='bbox 799 2792 970 2857; x_wconf 79' lang='lat' dir='ltr'>exercitium,</span> <span class='ocrx_word' id='word_1_422' title='bbox 987 2809 1046 2844; x_wconf 89' lang='lat' dir='ltr'>curn</span> <span class='ocrx_word' id='word_1_423' title='bbox 1060 2795 1141 2862; x_wconf 76' lang='lat' dir='ltr'>regio</span> <span class='ocrx_word' id='word_1_424' title='bbox 1191 2797 1309 2850; x_wconf 82' lang='lat' dir='ltr'>mortua,</span> <span class='ocrx_word' id='word_1_425' title='bbox 1329 2788 1436 2839; x_wconf 87' lang='lat' dir='ltr'>oriundi</span> <span class='ocrx_word' id='word_1_426' title='bbox 1458 2787 1569 2843; x_wconf 80' lang='lat' dir='ltr'>luerunt.</span> <span class='ocrx_word' id='word_1_427' title='bbox 1589 2790 1769 2861; x_wconf 84' lang='lat' dir='ltr'>Primugenitc</span> <span class='ocrx_word' id='word_1_428' title='bbox 1789 2799 1906 2854; x_wconf 90' lang='lat' dir='ltr'>extiuetn</span> <span class='ocrx_word' id='word_1_429' title='bbox 1921 2805 1954 2856; x_wconf 89' lang='lat' dir='ltr'>ad</span> <span class='ocrx_word' id='word_1_430' title='bbox 1969 2824 2012 2861; x_wconf 80' lang='lat' dir='ltr'>aa.</span> 
     </span>
     <span class='ocr_line' id='line_1_48' title="bbox 319 2868 2011 2946; baseline 0.01 -18"><span class='ocrx_word' id='word_1_431' title='bbox 319 2893 367 2928; x_wconf 91' lang='lat' dir='ltr'>nes</span> <span class='ocrx_word' id='word_1_432' title='bbox 384 2890 460 2945; x_wconf 85' lang='lat' dir='ltr'>supra</span> <span class='ocrx_word' id='word_1_433' title='bbox 479 2874 563 2929; x_wconf 88' lang='lat' dir='ltr'>dictae</span> <span class='ocrx_word' id='word_1_434' title='bbox 582 2875 609 2926; x_wconf 93' lang='lat' dir='ltr'>in</span> <span class='ocrx_word' id='word_1_435' title='bbox 627 2893 687 2928; x_wconf 89' lang='lat' dir='ltr'>eum</span> <span class='ocrx_word' id='word_1_436' title='bbox 706 2875 857 2930; x_wconf 89' lang='lat' dir='ltr'>donationis</span> <span class='ocrx_word' id='word_1_437' title='bbox 876 2877 953 2928; x_wconf 92' lang='lat' dir='ltr'>titulo</span> <span class='ocrx_word' id='word_1_438' title='bbox 970 2892 1028 2928; x_wconf 87' lang='lat' dir='ltr'>curn</span> <span class='ocrx_word' id='word_1_439' title='bbox 1049 2877 1137 2929; x_wconf 87' lang='lat' dir='ltr'>omui·</span> <span class='ocrx_word' id='word_1_440' title='bbox 1191 2868 1394 2938; x_wconf 68' lang='lat' dir='ltr'>cuntiosswllttm</span> <span class='ocrx_word' id='word_1_441' title='bbox 1414 2872 1512 2924; x_wconf 68' lang='lat' dir='ltr'>lilibet</span> <span class='ocrx_word' id='word_1_442' title='bbox 1530 2876 1611 2926; x_wconf 64' lang='lat' dir='ltr'>wit</span> <span class='ocrx_word' id='word_1_443' title='bbox 1629 2877 1681 2938; x_wconf 87' lang='lat' dir='ltr'>iam</span> <span class='ocrx_word' id='word_1_444' title='bbox 1699 2877 1859 2935; x_wconf 90' lang='lat' dir='ltr'>destinatum</span> <span class='ocrx_word' id='word_1_445' title='bbox 1878 2893 2011 2946; x_wconf 85' lang='lat' dir='ltr'>successio</span> 
     </span>
     <span class='ocr_line' id='line_1_49' title="bbox 318 2953 2011 3030; baseline 0.011 -23"><span class='ocrx_word' id='word_1_446' title='bbox 318 2961 367 3011; x_wconf 86' lang='lat' dir='ltr'>bus</span> <span class='ocrx_word' id='word_1_447' title='bbox 386 2957 556 3030; x_wconf 84' lang='lat' dir='ltr'>pertinentiis</span> <span class='ocrx_word' id='word_1_448' title='bbox 573 2968 599 3011; x_wconf 89' lang='lat' dir='ltr'>et</span> <span class='ocrx_word' id='word_1_449' title='bbox 618 2977 665 3028; x_wconf 90' lang='lat' dir='ltr'>per</span> <span class='ocrx_word' id='word_1_450' title='bbox 683 2975 844 3029; x_wconf 84' lang='lat' dir='ltr'>consequens</span> <span class='ocrx_word' id='word_1_451' title='bbox 868 2977 929 3011; x_wconf 90' lang='lat' dir='ltr'>curu</span> <span class='ocrx_word' id='word_1_452' title='bbox 953 2957 1140 3025; x_wconf 66' lang='lat' dir='ltr'>jurisdictione</span> <span class='ocrx_word' id='word_1_453' title='bbox 1191 2953 1357 3017; x_wconf 74' lang='lat' dir='ltr'>«inueniebat,</span> <span class='ocrx_word' id='word_1_454' title='bbox 1376 2954 1478 3008; x_wconf 89' lang='lat' dir='ltr'>interea</span> <span class='ocrx_word' id='word_1_455' title='bbox 1496 2957 1581 3010; x_wconf 81' lang='lat' dir='ltr'>illaria</span> <span class='ocrx_word' id='word_1_456' title='bbox 1608 2957 1738 3015; x_wconf 83' lang='lat' dir='ltr'>Eleouora</span> <span class='ocrx_word' id='word_1_457' title='bbox 1757 2963 1858 3020; x_wconf 84' lang='lat' dir='ltr'>dlberti</span> <span class='ocrx_word' id='word_1_458' title='bbox 1876 2968 2011 3028; x_wconf 80' lang='lat' dir='ltr'>Frialeaiei</span> 
     </span>
     <span class='ocr_line' id='line_1_50' title="bbox 318 3036 2012 3113; baseline 0.006 -16"><span class='ocrx_word' id='word_1_459' title='bbox 318 3045 347 3097; x_wconf 91' lang='lat' dir='ltr'>in</span> <span class='ocrx_word' id='word_1_460' title='bbox 366 3061 426 3097; x_wconf 90' lang='lat' dir='ltr'>cum</span> <span class='ocrx_word' id='word_1_461' title='bbox 444 3045 501 3097; x_wconf 91' lang='lat' dir='ltr'>siut</span> <span class='ocrx_word' id='word_1_462' title='bbox 520 3043 677 3107; x_wconf 86' lang='lat' dir='ltr'>translatae,</span> <span class='ocrx_word' id='word_1_463' title='bbox 695 3044 717 3096; x_wconf 92' lang='lat' dir='ltr'>si</span> <span class='ocrx_word' id='word_1_464' title='bbox 736 3061 799 3099; x_wconf 83' lang='lat' dir='ltr'>sero</span> <span class='ocrx_word' id='word_1_465' title='bbox 824 3043 993 3096; x_wconf 89' lang='lat' dir='ltr'>donatiouem</span> <span class='ocrx_word' id='word_1_466' title='bbox 1019 3043 1079 3112; x_wconf 85' lang='lat' dir='ltr'>quis</span> <span class='ocrx_word' id='word_1_467' title='bbox 1098 3045 1140 3094; x_wconf 90' lang='lat' dir='ltr'>iu·</span> <span class='ocrx_word' id='word_1_468' title='bbox 1194 3036 1335 3091; x_wconf 70' lang='lat' dir='ltr'>llorusdae</span> <span class='ocrx_word' id='word_1_469' title='bbox 1351 3039 1426 3090; x_wconf 88' lang='lat' dir='ltr'>ducis</span> <span class='ocrx_word' id='word_1_470' title='bbox 1445 3042 1540 3107; x_wconf 87' lang='lat' dir='ltr'>conjux</span> <span class='ocrx_word' id='word_1_471' title='bbox 1559 3043 1730 3113; x_wconf 87' lang='lat' dir='ltr'>primogenita</span> <span class='ocrx_word' id='word_1_472' title='bbox 1755 3047 1843 3102; x_wconf 85' lang='lat' dir='ltr'>desem</span> <span class='ocrx_word' id='word_1_473' title='bbox 1863 3063 1924 3107; x_wconf 89' lang='lat' dir='ltr'>anta</span> <span class='ocrx_word' id='word_1_474' title='bbox 1943 3059 2012 3110; x_wconf 84' lang='lat' dir='ltr'>Wi-</span> 
     </span>
    </p>
   </div>
   <div class='ocr_carea' id='block_1_6' title="bbox 319 3122 2014 3369">
    <p class='ocr_par' dir='ltr' id='par_1_7' title="bbox 319 3122 2014 3369">
     <span class='ocr_line' id='line_1_51' title="bbox 319 3122 2010 3210; baseline 0.008 -30"><span class='ocrx_word' id='word_1_475' title='bbox 319 3131 415 3197; x_wconf 85' lang='lat' dir='ltr'>justam</span> <span class='ocrx_word' id='word_1_476' title='bbox 435 3145 488 3181; x_wconf 90' lang='lat' dir='ltr'>non</span> <span class='ocrx_word' id='word_1_477' title='bbox 505 3129 731 3199; x_wconf 79' lang='lat' dir='ltr'>pronunciaverit,</span> <span class='ocrx_word' id='word_1_478' title='bbox 742 3148 808 3200; x_wconf 85' lang='lat' dir='ltr'>quae</span> <span class='ocrx_word' id='word_1_479' title='bbox 824 3143 853 3182; x_wconf 88' lang='lat' dir='ltr'>ex</span> <span class='ocrx_word' id='word_1_480' title='bbox 866 3128 1032 3200; x_wconf 87' lang='lat' dir='ltr'>patrimonio</span> <span class='ocrx_word' id='word_1_481' title='bbox 1052 3144 1142 3198; x_wconf 88' lang='lat' dir='ltr'>regum</span> <span class='ocrx_word' id='word_1_482' title='bbox 1191 3122 1319 3178; x_wconf 82' lang='lat' dir='ltr'>lheltooot</span> <span class='ocrx_word' id='word_1_483' title='bbox 1336 3124 1458 3178; x_wconf 82' lang='lat' dir='ltr'>ocottbuit</span> <span class='ocrx_word' id='word_1_484' title='bbox 1477 3128 1627 3191; x_wconf 82' lang='lat' dir='ltr'>toettsibos,</span> <span class='ocrx_word' id='word_1_485' title='bbox 1650 3131 1751 3185; x_wconf 86' lang='lat' dir='ltr'>relictis</span> <span class='ocrx_word' id='word_1_486' title='bbox 1768 3151 1822 3186; x_wconf 90' lang='lat' dir='ltr'>uon</span> <span class='ocrx_word' id='word_1_487' title='bbox 1836 3138 1912 3192; x_wconf 89' lang='lat' dir='ltr'>modo</span> <span class='ocrx_word' id='word_1_488' title='bbox 1929 3138 2010 3210; x_wconf 81' lang='lat' dir='ltr'>lilia,</span> 
     </span>
     <span class='ocr_line' id='line_1_52' title="bbox 320 3207 2013 3296; baseline 0.005 -29"><span class='ocrx_word' id='word_1_489' title='bbox 320 3212 494 3282; x_wconf 64' lang='lat' dir='ltr'>summusque</span> <span class='ocrx_word' id='word_1_490' title='bbox 512 3211 668 3265; x_wconf 85' lang='lat' dir='ltr'>exercitium</span> <span class='ocrx_word' id='word_1_491' title='bbox 685 3211 882 3280; x_wconf 77' lang='lat' dir='ltr'>Jurisdictlonis</span> <span class='ocrx_word' id='word_1_492' title='bbox 908 3213 1061 3282; x_wconf 75' lang='lat' dir='ltr'>impugnare</span> <span class='ocrx_word' id='word_1_493' title='bbox 1080 3217 1143 3270; x_wconf 86' lang='lat' dir='ltr'>talc-</span> <span class='ocrx_word' id='word_1_494' title='bbox 1191 3207 1309 3260; x_wconf 83' lang='lat' dir='ltr'>tohauot</span> <span class='ocrx_word' id='word_1_495' title='bbox 1330 3207 1503 3276; x_wconf 79' lang='lat' dir='ltr'>sigismundo</span> <span class='ocrx_word' id='word_1_496' title='bbox 1521 3211 1626 3264; x_wconf 83' lang='lat' dir='ltr'>electori</span> <span class='ocrx_word' id='word_1_497' title='bbox 1649 3218 1812 3285; x_wconf 62' lang='lat' dir='ltr'>capimur</span> <span class='ocrx_word' id='word_1_498' title='bbox 1832 3236 1865 3272; x_wconf 91' lang='lat' dir='ltr'>ex</span> <span class='ocrx_word' id='word_1_499' title='bbox 1884 3239 2013 3296; x_wconf 83' lang='lat' dir='ltr'>eanepo-</span> 
     </span>
     <span class='ocr_line' id='line_1_53' title="bbox 320 3293 2014 3369; baseline 0.003 -21"><span class='ocrx_word' id='word_1_500' title='bbox 320 3296 456 3349; x_wconf 79' lang='lat' dir='ltr'>bra.1tam</span> <span class='ocrx_word' id='word_1_501' title='bbox 476 3311 537 3349; x_wconf 88' lang='lat' dir='ltr'>sero</span> <span class='ocrx_word' id='word_1_502' title='bbox 555 3296 625 3364; x_wconf 83' lang='lat' dir='ltr'>Papa</span> <span class='ocrx_word' id='word_1_503' title='bbox 644 3297 796 3350; x_wconf 89' lang='lat' dir='ltr'>donatarum</span> <span class='ocrx_word' id='word_1_504' title='bbox 816 3298 953 3366; x_wconf 87' lang='lat' dir='ltr'>regionum</span> <span class='ocrx_word' id='word_1_505' title='bbox 973 3315 1054 3369; x_wconf 86' lang='lat' dir='ltr'>capax</span> <span class='ocrx_word' id='word_1_506' title='bbox 1073 3303 1143 3358; x_wconf 87' lang='lat' dir='ltr'>aiter</span> <span class='ocrx_word' id='word_1_507' title='bbox 1193 3293 1261 3348; x_wconf 85' lang='lat' dir='ltr'>tibus</span> <span class='ocrx_word' id='word_1_508' title='bbox 1279 3293 1526 3362; x_wconf 75' lang='lat' dir='ltr'>pronepotibusque.</span> <span class='ocrx_word' id='word_1_509' title='bbox 1547 3297 1602 3348; x_wconf 80' lang='lat' dir='ltr'>flac</span> <span class='ocrx_word' id='word_1_510' title='bbox 1620 3299 1756 3352; x_wconf 81' lang='lat' dir='ltr'>rationes.</span> <span class='ocrx_word' id='word_1_511' title='bbox 1775 3304 1854 3356; x_wconf 79' lang='lat' dir='ltr'>tuna.</span> <span class='ocrx_word' id='word_1_512' title='bbox 1867 3309 1929 3360; x_wconf 84' lang='lat' dir='ltr'>tob.</span> <span class='ocrx_word' id='word_1_513' title='bbox 1944 3312 2014 3362; x_wconf 83' lang='lat' dir='ltr'>Wi.</span> 
     </span>
    </p>
   </div>
   <div class='ocr_carea' id='block_1_7' title="bbox 311 3379 2019 5728">
    <p class='ocr_par' dir='ltr' id='par_1_8' title="bbox 311 3379 2019 5728">
     <span class='ocr_line' id='line_1_54' title="bbox 320 3379 2012 3455; baseline 0.007 -21"><span class='ocrx_word' id='word_1_514' title='bbox 320 3397 368 3452; x_wconf 88' lang='lat' dir='ltr'>per</span> <span class='ocrx_word' id='word_1_515' title='bbox 386 3395 544 3450; x_wconf 86' lang='lat' dir='ltr'>consequeus</span> <span class='ocrx_word' id='word_1_516' title='bbox 562 3379 776 3448; x_wconf 81' lang='lat' dir='ltr'>jurisdictionis,</span> <span class='ocrx_word' id='word_1_517' title='bbox 796 3398 848 3434; x_wconf 90' lang='lat' dir='ltr'>uon</span> <span class='ocrx_word' id='word_1_518' title='bbox 880 3381 987 3450; x_wconf 78' lang='lat' dir='ltr'>negabit</span> <span class='ocrx_word' id='word_1_519' title='bbox 1009 3385 1087 3455; x_wconf 86' lang='lat' dir='ltr'>quis,</span> <span class='ocrx_word' id='word_1_520' title='bbox 1106 3389 1140 3440; x_wconf 86' lang='lat' dir='ltr'>si·</span> <span class='ocrx_word' id='word_1_521' title='bbox 1193 3381 1291 3434; x_wconf 85' lang='lat' dir='ltr'>llaelmo</span> <span class='ocrx_word' id='word_1_522' title='bbox 1323 3379 1436 3447; x_wconf 89' lang='lat' dir='ltr'>improle</span> <span class='ocrx_word' id='word_1_523' title='bbox 1466 3390 1568 3433; x_wconf 90' lang='lat' dir='ltr'>mortuo</span> <span class='ocrx_word' id='word_1_524' title='bbox 1593 3387 1723 3437; x_wconf 83' lang='lat' dir='ltr'>successio</span> <span class='ocrx_word' id='word_1_525' title='bbox 1747 3385 1840 3440; x_wconf 90' lang='lat' dir='ltr'>borum</span> <span class='ocrx_word' id='word_1_526' title='bbox 1870 3391 2012 3447; x_wconf 79' lang='lat' dir='ltr'>ducatuum</span> 
     </span>
     <span class='ocr_line' id='line_1_55' title="bbox 319 3461 2012 3538; baseline 0.008 -22"><span class='ocrx_word' id='word_1_527' title='bbox 319 3467 428 3534; x_wconf 82' lang='lat' dir='ltr'>quidem</span> <span class='ocrx_word' id='word_1_528' title='bbox 447 3467 577 3538; x_wconf 84' lang='lat' dir='ltr'>usquein</span> <span class='ocrx_word' id='word_1_529' title='bbox 596 3466 701 3536; x_wconf 85' lang='lat' dir='ltr'>propria</span> <span class='ocrx_word' id='word_1_530' title='bbox 721 3481 831 3536; x_wconf 86' lang='lat' dir='ltr'>persona</span> <span class='ocrx_word' id='word_1_531' title='bbox 857 3481 975 3536; x_wconf 86' lang='lat' dir='ltr'>praeesse</span> <span class='ocrx_word' id='word_1_532' title='bbox 995 3485 1079 3538; x_wconf 81' lang='lat' dir='ltr'>neque</span> <span class='ocrx_word' id='word_1_533' title='bbox 1096 3469 1140 3523; x_wconf 93' lang='lat' dir='ltr'>ad·</span> <span class='ocrx_word' id='word_1_534' title='bbox 1194 3464 1275 3520; x_wconf 90' lang='lat' dir='ltr'>tantis</span> <span class='ocrx_word' id='word_1_535' title='bbox 1293 3461 1532 3534; x_wconf 78' lang='lat' dir='ltr'>disceptationibus</span> <span class='ocrx_word' id='word_1_536' title='bbox 1550 3463 1671 3533; x_wconf 88' lang='lat' dir='ltr'>exposita</span> <span class='ocrx_word' id='word_1_537' title='bbox 1692 3463 1757 3532; x_wconf 87' lang='lat' dir='ltr'>luit,</span> <span class='ocrx_word' id='word_1_538' title='bbox 1774 3469 1838 3522; x_wconf 88' lang='lat' dir='ltr'>adeo</span> <span class='ocrx_word' id='word_1_539' title='bbox 1861 3482 1890 3523; x_wconf 92' lang='lat' dir='ltr'>nt</span> <span class='ocrx_word' id='word_1_540' title='bbox 1907 3477 2012 3530; x_wconf 79' lang='lat' dir='ltr'>Wotff-</span> 
     </span>
     <span class='ocr_line' id='line_1_56' title="bbox 321 3546 2012 3622; baseline 0.005 -21"><span class='ocrx_word' id='word_1_541' title='bbox 321 3551 471 3604; x_wconf 82' lang='lat' dir='ltr'>ministrare</span> <span class='ocrx_word' id='word_1_542' title='bbox 489 3558 604 3611; x_wconf 89' lang='lat' dir='ltr'>tenetur,</span> <span class='ocrx_word' id='word_1_543' title='bbox 613 3549 657 3601; x_wconf 90' lang='lat' dir='ltr'>sed</span> <span class='ocrx_word' id='word_1_544' title='bbox 672 3553 760 3602; x_wconf 87' lang='lat' dir='ltr'>ornuia</span> <span class='ocrx_word' id='word_1_545' title='bbox 779 3550 829 3604; x_wconf 88' lang='lat' dir='ltr'>ista</span> <span class='ocrx_word' id='word_1_546' title='bbox 848 3549 908 3603; x_wconf 91' lang='lat' dir='ltr'>aliis</span> <span class='ocrx_word' id='word_1_547' title='bbox 922 3549 1082 3604; x_wconf 78' lang='lat' dir='ltr'>demandare</span> <span class='ocrx_word' id='word_1_548' title='bbox 1100 3571 1141 3606; x_wconf 86' lang='lat' dir='ltr'>aa·</span> <span class='ocrx_word' id='word_1_549' title='bbox 1192 3567 1293 3622; x_wconf 79' lang='lat' dir='ltr'>gangras.</span> <span class='ocrx_word' id='word_1_550' title='bbox 1310 3549 1448 3604; x_wconf 82' lang='lat' dir='ltr'>Willtelm</span> <span class='ocrx_word' id='word_1_551' title='bbox 1468 3546 1649 3616; x_wconf 80' lang='lat' dir='ltr'>Neoburgiuus</span> <span class='ocrx_word' id='word_1_552' title='bbox 1674 3569 1734 3603; x_wconf 87' lang='lat' dir='ltr'>cum</span> <span class='ocrx_word' id='word_1_553' title='bbox 1755 3553 1865 3606; x_wconf 88' lang='lat' dir='ltr'>electore</span> <span class='ocrx_word' id='word_1_554' title='bbox 1886 3558 2012 3611; x_wconf 82' lang='lat' dir='ltr'>branden-</span> 
     </span>
     <span class='ocr_line' id='line_1_57' title="bbox 319 3625 2009 3703; baseline 0.007 -20"><span class='ocrx_word' id='word_1_555' title='bbox 319 3633 371 3696; x_wconf 69' lang='lat' dir='ltr'>letr</span> <span class='ocrx_word' id='word_1_556' title='bbox 387 3633 457 3702; x_wconf 79' lang='lat' dir='ltr'>quod</span> <span class='ocrx_word' id='word_1_557' title='bbox 476 3635 544 3702; x_wconf 84' lang='lat' dir='ltr'>Papa</span> <span class='ocrx_word' id='word_1_558' title='bbox 563 3634 620 3703; x_wconf 92' lang='lat' dir='ltr'>ipse</span> <span class='ocrx_word' id='word_1_559' title='bbox 637 3631 749 3694; x_wconf 84' lang='lat' dir='ltr'>dixerit,</span> <span class='ocrx_word' id='word_1_560' title='bbox 768 3651 821 3686; x_wconf 91' lang='lat' dir='ltr'>nou</span> <span class='ocrx_word' id='word_1_561' title='bbox 836 3649 912 3701; x_wconf 85' lang='lat' dir='ltr'>posse</span> <span class='ocrx_word' id='word_1_562' title='bbox 930 3651 1008 3702; x_wconf 84' lang='lat' dir='ltr'>quem</span> <span class='ocrx_word' id='word_1_563' title='bbox 1028 3634 1141 3688; x_wconf 87' lang='lat' dir='ltr'>militem</span> <span class='ocrx_word' id='word_1_564' title='bbox 1194 3632 1316 3700; x_wconf 87' lang='lat' dir='ltr'>burgensi</span> <span class='ocrx_word' id='word_1_565' title='bbox 1336 3649 1385 3701; x_wconf 86' lang='lat' dir='ltr'>per</span> <span class='ocrx_word' id='word_1_566' title='bbox 1405 3631 1596 3684; x_wconf 89' lang='lat' dir='ltr'>tremonianam</span> <span class='ocrx_word' id='word_1_567' title='bbox 1617 3634 1818 3688; x_wconf 86' lang='lat' dir='ltr'>transactionem</span> <span class='ocrx_word' id='word_1_568' title='bbox 1844 3625 2009 3695; x_wconf 83' lang='lat' dir='ltr'>comniiinio·</span> 
     </span>
     <span class='ocr_line' id='line_1_58' title="bbox 311 3713 2015 3785; baseline 0.009 -21"><span class='ocrx_word' id='word_1_569' title='bbox 311 3716 445 3769; x_wconf 67' lang='lat' dir='ltr'>⁴ecclesiae</span> <span class='ocrx_word' id='word_1_570' title='bbox 464 3733 520 3770; x_wconf 87' lang='lat' dir='ltr'>esse</span> <span class='ocrx_word' id='word_1_571' title='bbox 537 3725 565 3769; x_wconf 92' lang='lat' dir='ltr'>et</span> <span class='ocrx_word' id='word_1_572' title='bbox 583 3715 691 3779; x_wconf 87' lang='lat' dir='ltr'>mundi,</span> <span class='ocrx_word' id='word_1_573' title='bbox 718 3715 795 3768; x_wconf 89' lang='lat' dir='ltr'>uobis</span> <span class='ocrx_word' id='word_1_574' title='bbox 814 3733 865 3768; x_wconf 94' lang='lat' dir='ltr'>non</span> <span class='ocrx_word' id='word_1_575' title='bbox 885 3716 974 3779; x_wconf 90' lang='lat' dir='ltr'>obest,</span> <span class='ocrx_word' id='word_1_576' title='bbox 992 3717 1089 3770; x_wconf 90' lang='lat' dir='ltr'>etenim</span> <span class='ocrx_word' id='word_1_577' title='bbox 1110 3720 1143 3774; x_wconf 90' lang='lat' dir='ltr'>de</span> <span class='ocrx_word' id='word_1_578' title='bbox 1195 3731 1254 3769; x_wconf 89' lang='lat' dir='ltr'>uem</span> <span class='ocrx_word' id='word_1_579' title='bbox 1275 3715 1450 3785; x_wconf 86' lang='lat' dir='ltr'>possessionis</span> <span class='ocrx_word' id='word_1_580' title='bbox 1467 3713 1630 3779; x_wconf 64' lang='lat' dir='ltr'>obtinuerim</span> <span class='ocrx_word' id='word_1_581' title='bbox 1650 3715 1744 3770; x_wconf 90' lang='lat' dir='ltr'>domus</span> <span class='ocrx_word' id='word_1_582' title='bbox 1771 3721 1936 3777; x_wconf 77' lang='lat' dir='ltr'>saxonicaex</span> <span class='ocrx_word' id='word_1_583' title='bbox 1956 3746 2015 3782; x_wconf 85' lang='lat' dir='ltr'>asse</span> 
     </span>
     <span class='ocr_line' id='line_1_59' title="bbox 320 3797 2013 3870; baseline 0.006 -24"><span class='ocrx_word' id='word_1_584' title='bbox 320 3799 416 3850; x_wconf 85' lang='lat' dir='ltr'>clerieo</span> <span class='ocrx_word' id='word_1_585' title='bbox 435 3797 553 3866; x_wconf 86' lang='lat' dir='ltr'>simplici</span> <span class='ocrx_word' id='word_1_586' title='bbox 573 3798 705 3850; x_wconf 89' lang='lat' dir='ltr'>intellexit</span> <span class='ocrx_word' id='word_1_587' title='bbox 718 3809 745 3850; x_wconf 91' lang='lat' dir='ltr'>et</span> <span class='ocrx_word' id='word_1_588' title='bbox 759 3815 791 3851; x_wconf 91' lang='lat' dir='ltr'>ue</span> <span class='ocrx_word' id='word_1_589' title='bbox 805 3798 832 3852; x_wconf 90' lang='lat' dir='ltr'>in</span> <span class='ocrx_word' id='word_1_590' title='bbox 848 3799 955 3870; x_wconf 90' lang='lat' dir='ltr'>propria</span> <span class='ocrx_word' id='word_1_591' title='bbox 970 3817 1082 3870; x_wconf 87' lang='lat' dir='ltr'>persona</span> <span class='ocrx_word' id='word_1_592' title='bbox 1095 3805 1143 3856; x_wconf 90' lang='lat' dir='ltr'>ad·</span> <span class='ocrx_word' id='word_1_593' title='bbox 1194 3797 1248 3851; x_wconf 90' lang='lat' dir='ltr'>sibi</span> <span class='ocrx_word' id='word_1_594' title='bbox 1268 3799 1357 3868; x_wconf 89' lang='lat' dir='ltr'>rigore</span> <span class='ocrx_word' id='word_1_595' title='bbox 1375 3797 1529 3866; x_wconf 86' lang='lat' dir='ltr'>diplomatis</span> <span class='ocrx_word' id='word_1_596' title='bbox 1547 3797 1677 3851; x_wconf 81' lang='lat' dir='ltr'>Fritleriri</span> <span class='ocrx_word' id='word_1_597' title='bbox 1697 3800 1868 3869; x_wconf 89' lang='lat' dir='ltr'>imperatoris</span> <span class='ocrx_word' id='word_1_598' title='bbox 1884 3815 1911 3856; x_wconf 91' lang='lat' dir='ltr'>et</span> <span class='ocrx_word' id='word_1_599' title='bbox 1922 3808 2013 3861; x_wconf 74' lang='lat' dir='ltr'>Mut-</span> 
     </span>
     <span class='ocr_line' id='line_1_60' title="bbox 314 3881 2016 3958; baseline 0.004 -23"><span class='ocrx_word' id='word_1_600' title='bbox 314 3883 466 3936; x_wconf 77' lang='lat' dir='ltr'>ministret.</span> <span class='ocrx_word' id='word_1_601' title='bbox 486 3886 545 3952; x_wconf 87' lang='lat' dir='ltr'>Quo</span> <span class='ocrx_word' id='word_1_602' title='bbox 565 3882 622 3946; x_wconf 79' lang='lat' dir='ltr'>iure</span> <span class='ocrx_word' id='word_1_603' title='bbox 640 3883 764 3940; x_wconf 85' lang='lat' dir='ltr'>secularis</span> <span class='ocrx_word' id='word_1_604' title='bbox 783 3882 1003 3948; x_wconf 82' lang='lat' dir='ltr'>ecclesiasticam,</span> <span class='ocrx_word' id='word_1_605' title='bbox 1029 3903 1061 3940; x_wconf 82' lang='lat' dir='ltr'>eo</span> <span class='ocrx_word' id='word_1_606' title='bbox 1085 3887 1143 3953; x_wconf 82' lang='lat' dir='ltr'>iure</span> <span class='ocrx_word' id='word_1_607' title='bbox 1194 3885 1296 3938; x_wconf 86' lang='lat' dir='ltr'>miliani</span> <span class='ocrx_word' id='word_1_608' title='bbox 1311 3881 1494 3938; x_wconf 81' lang='lat' dir='ltr'>haereditatem</span> <span class='ocrx_word' id='word_1_609' title='bbox 1509 3881 1633 3948; x_wconf 80' lang='lat' dir='ltr'>uindicet,</span> <span class='ocrx_word' id='word_1_610' title='bbox 1647 3885 1742 3938; x_wconf 85' lang='lat' dir='ltr'>elector</span> <span class='ocrx_word' id='word_1_611' title='bbox 1753 3886 2016 3958; x_wconf 84' lang='lat' dir='ltr'>brandenburgensis</span> 
     </span>
     <span class='ocr_line' id='line_1_61' title="bbox 321 3967 2014 4042; baseline 0.004 -24"><span class='ocrx_word' id='word_1_612' title='bbox 321 3967 508 4020; x_wconf 87' lang='lat' dir='ltr'>ecclesiasticus</span> <span class='ocrx_word' id='word_1_613' title='bbox 527 3969 670 4020; x_wconf 88' lang='lat' dir='ltr'>secularem</span> <span class='ocrx_word' id='word_1_614' title='bbox 690 3967 902 4033; x_wconf 88' lang='lat' dir='ltr'>jurisdictionem</span> <span class='ocrx_word' id='word_1_615' title='bbox 920 3969 1063 4023; x_wconf 88' lang='lat' dir='ltr'>exercebit.</span> <span class='ocrx_word' id='word_1_616' title='bbox 1195 3969 1418 4040; x_wconf 80' lang='lat' dir='ltr'>primogeniturae</span> <span class='ocrx_word' id='word_1_617' title='bbox 1447 3968 1505 4033; x_wconf 86' lang='lat' dir='ltr'>jure</span> <span class='ocrx_word' id='word_1_618' title='bbox 1521 3977 1642 4038; x_wconf 86' lang='lat' dir='ltr'>respectu</span> <span class='ocrx_word' id='word_1_619' title='bbox 1660 3968 1778 4022; x_wconf 85' lang='lat' dir='ltr'>eamdem</span> <span class='ocrx_word' id='word_1_620' title='bbox 1804 3975 2014 4042; x_wconf 77' lang='lat' dir='ltr'>praetensioneraa</span> 
     </span>
     <span class='ocr_line' id='line_1_62' title="bbox 357 4049 2015 4127; baseline 0.005 -24"><span class='ocrx_word' id='word_1_621' title='bbox 357 4059 378 4114; x_wconf 74' lang='grc' dir='ltr'>ς.</span> <span class='ocrx_word' id='word_1_622' title='bbox 400 4052 440 4106; x_wconf 88' lang='lat'>10.</span> <span class='ocrx_word' id='word_1_623' title='bbox 461 4050 490 4105; x_wconf 85' lang='lat' dir='ltr'>Si</span> <span class='ocrx_word' id='word_1_624' title='bbox 508 4051 650 4122; x_wconf 87' lang='lat' dir='ltr'>qnisquam</span> <span class='ocrx_word' id='word_1_625' title='bbox 668 4051 819 4122; x_wconf 91' lang='lat' dir='ltr'>principum</span> <span class='ocrx_word' id='word_1_626' title='bbox 837 4051 872 4106; x_wconf 93' lang='lat' dir='ltr'>ob</span> <span class='ocrx_word' id='word_1_627' title='bbox 884 4053 1059 4108; x_wconf 89' lang='lat' dir='ltr'>successiones</span> <span class='ocrx_word' id='word_1_628' title='bbox 1072 4069 1143 4125; x_wconf 88' lang='lat' dir='ltr'>prae·</span> <span class='ocrx_word' id='word_1_629' title='bbox 1194 4053 1272 4108; x_wconf 85' lang='lat' dir='ltr'>iaciat</span> <span class='ocrx_word' id='word_1_630' title='bbox 1291 4053 1403 4116; x_wconf 87' lang='lat' dir='ltr'>merito,</span> <span class='ocrx_word' id='word_1_631' title='bbox 1422 4049 1618 4118; x_wconf 82' lang='lat' dir='ltr'>Neoburgensis</span> <span class='ocrx_word' id='word_1_632' title='bbox 1637 4061 1749 4104; x_wconf 90' lang='lat' dir='ltr'>matrem</span> <span class='ocrx_word' id='word_1_633' title='bbox 1767 4069 1839 4106; x_wconf 86' lang='lat' dir='ltr'>snam</span> <span class='ocrx_word' id='word_1_634' title='bbox 1852 4059 2015 4127; x_wconf 87' lang='lat' dir='ltr'>primogeni-</span> 
     </span>
     <span class='ocr_line' id='line_1_63' title="bbox 319 4134 2016 4208; baseline 0.004 -21"><span class='ocrx_word' id='word_1_635' title='bbox 319 4137 463 4204; x_wconf 80' lang='lat' dir='ltr'>rogativam</span> <span class='ocrx_word' id='word_1_636' title='bbox 482 4153 545 4206; x_wconf 86' lang='lat' dir='ltr'>prae</span> <span class='ocrx_word' id='word_1_637' title='bbox 563 4136 647 4192; x_wconf 91' lang='lat' dir='ltr'>altero</span> <span class='ocrx_word' id='word_1_638' title='bbox 666 4136 830 4205; x_wconf 86' lang='lat' dir='ltr'>praetendat,</span> <span class='ocrx_word' id='word_1_639' title='bbox 846 4137 888 4192; x_wconf 88' lang='lat' dir='ltr'>vel</span> <span class='ocrx_word' id='word_1_640' title='bbox 904 4137 936 4190; x_wconf 86' lang='lat' dir='ltr'>ed</span> <span class='ocrx_word' id='word_1_641' title='bbox 956 4138 1142 4207; x_wconf 88' lang='lat' dir='ltr'>imperatorem</span> <span class='ocrx_word' id='word_1_642' title='bbox 1194 4151 1245 4194; x_wconf 84' lang='lat' dir='ltr'>tam</span> <span class='ocrx_word' id='word_1_643' title='bbox 1264 4137 1331 4208; x_wconf 86' lang='lat' dir='ltr'>qnod</span> <span class='ocrx_word' id='word_1_644' title='bbox 1350 4136 1428 4191; x_wconf 80' lang='lat' dir='ltr'>fratri</span> <span class='ocrx_word' id='word_1_645' title='bbox 1448 4134 1644 4205; x_wconf 84' lang='lat' dir='ltr'>supervixerit,</span> <span class='ocrx_word' id='word_1_646' title='bbox 1663 4143 1784 4201; x_wconf 89' lang='lat' dir='ltr'>censeat,</span> <span class='ocrx_word' id='word_1_647' title='bbox 1801 4147 1826 4191; x_wconf 89' lang='lat' dir='ltr'>et</span> <span class='ocrx_word' id='word_1_648' title='bbox 1844 4139 1883 4192; x_wconf 88' lang='lat' dir='ltr'>sic</span> <span class='ocrx_word' id='word_1_649' title='bbox 1901 4143 2016 4196; x_wconf 86' lang='lat' dir='ltr'>serenis·</span> 
     </span>
     <span class='ocr_line' id='line_1_64' title="bbox 320 4219 2015 4293; baseline 0.002 -17"><span class='ocrx_word' id='word_1_650' title='bbox 320 4223 361 4276; x_wconf 87' lang='lat' dir='ltr'>rel</span> <span class='ocrx_word' id='word_1_651' title='bbox 378 4237 507 4274; x_wconf 88' lang='lat' dir='ltr'>eameram</span> <span class='ocrx_word' id='word_1_652' title='bbox 532 4223 573 4275; x_wconf 85' lang='lat' dir='ltr'>ael</span> <span class='ocrx_word' id='word_1_653' title='bbox 602 4232 732 4289; x_wconf 86' lang='lat' dir='ltr'>austregas</span> <span class='ocrx_word' id='word_1_654' title='bbox 756 4219 911 4289; x_wconf 87' lang='lat' dir='ltr'>ablegantur</span> <span class='ocrx_word' id='word_1_655' title='bbox 935 4226 1139 4291; x_wconf 84' lang='lat' dir='ltr'>controuersiae,</span> <span class='ocrx_word' id='word_1_656' title='bbox 1194 4225 1262 4278; x_wconf 85' lang='lat' dir='ltr'>simo</span> <span class='ocrx_word' id='word_1_657' title='bbox 1280 4222 1384 4276; x_wconf 90' lang='lat' dir='ltr'>electori</span> <span class='ocrx_word' id='word_1_658' title='bbox 1414 4219 1662 4288; x_wconf 75' lang='lat' dir='ltr'>brandenburgensi</span> <span class='ocrx_word' id='word_1_659' title='bbox 1693 4238 1726 4274; x_wconf 91' lang='lat' dir='ltr'>ex</span> <span class='ocrx_word' id='word_1_660' title='bbox 1745 4220 1897 4276; x_wconf 80' lang='lat' dir='ltr'>feudalibus</span> <span class='ocrx_word' id='word_1_661' title='bbox 1922 4227 2015 4293; x_wconf 87' lang='lat' dir='ltr'>nihil,</span> 
     </span>
     <span class='ocr_line' id='line_1_65' title="bbox 322 4305 2016 4380; baseline 0.002 -22"><span class='ocrx_word' id='word_1_662' title='bbox 322 4322 456 4369; x_wconf 86' lang='lat' dir='ltr'>camerae,</span> <span class='ocrx_word' id='word_1_663' title='bbox 473 4315 501 4358; x_wconf 93' lang='lat' dir='ltr'>et</span> <span class='ocrx_word' id='word_1_664' title='bbox 518 4315 697 4374; x_wconf 86' lang='lat' dir='ltr'>austregarum</span> <span class='ocrx_word' id='word_1_665' title='bbox 717 4320 849 4376; x_wconf 86' lang='lat' dir='ltr'>processus</span> <span class='ocrx_word' id='word_1_666' title='bbox 867 4307 1069 4362; x_wconf 84' lang='lat' dir='ltr'>lllaximilianus</span> <span class='ocrx_word' id='word_1_667' title='bbox 1087 4309 1143 4380; x_wconf 88' lang='lat' dir='ltr'>pri·</span> <span class='ocrx_word' id='word_1_668' title='bbox 1195 4324 1228 4362; x_wconf 91' lang='lat' dir='ltr'>ex</span> <span class='ocrx_word' id='word_1_669' title='bbox 1247 4307 1413 4360; x_wconf 86' lang='lat' dir='ltr'>allodialibns</span> <span class='ocrx_word' id='word_1_670' title='bbox 1431 4314 1551 4375; x_wconf 86' lang='lat' dir='ltr'>quartam</span> <span class='ocrx_word' id='word_1_671' title='bbox 1573 4305 1663 4358; x_wconf 88' lang='lat' dir='ltr'>deberi</span> <span class='ocrx_word' id='word_1_672' title='bbox 1682 4306 1822 4372; x_wconf 88' lang='lat' dir='ltr'>aestimet,</span> <span class='ocrx_word' id='word_1_673' title='bbox 1839 4305 1962 4362; x_wconf 83' lang='lat' dir='ltr'>Ernestus</span> <span class='ocrx_word' id='word_1_674' title='bbox 1975 4329 2016 4364; x_wconf 87' lang='lat' dir='ltr'>ae·</span> 
     </span>
     <span class='ocr_line' id='line_1_66' title="bbox 324 4389 2017 4462; baseline 0.002 -20"><span class='ocrx_word' id='word_1_675' title='bbox 324 4407 381 4442; x_wconf 87' lang='lat' dir='ltr'>mus</span> <span class='ocrx_word' id='word_1_676' title='bbox 400 4389 569 4442; x_wconf 89' lang='lat' dir='ltr'>constituisse</span> <span class='ocrx_word' id='word_1_677' title='bbox 589 4400 713 4458; x_wconf 87' lang='lat' dir='ltr'>putatur,</span> <span class='ocrx_word' id='word_1_678' title='bbox 740 4407 828 4444; x_wconf 90' lang='lat' dir='ltr'>coram</span> <span class='ocrx_word' id='word_1_679' title='bbox 852 4391 1013 4462; x_wconf 80' lang='lat' dir='ltr'>imperatore</span> <span class='ocrx_word' id='word_1_680' title='bbox 1037 4395 1144 4462; x_wconf 87' lang='lat' dir='ltr'>majoris</span> <span class='ocrx_word' id='word_1_681' title='bbox 1195 4407 1225 4445; x_wconf 89' lang='lat' dir='ltr'>rc</span> <span class='ocrx_word' id='word_1_682' title='bbox 1243 4405 1329 4444; x_wconf 86' lang='lat' dir='ltr'>comes</span> <span class='ocrx_word' id='word_1_683' title='bbox 1347 4391 1491 4442; x_wconf 86' lang='lat' dir='ltr'>Marrauus</span> <span class='ocrx_word' id='word_1_684' title='bbox 1509 4389 1538 4440; x_wconf 90' lang='lat' dir='ltr'>in</span> <span class='ocrx_word' id='word_1_685' title='bbox 1557 4390 1675 4442; x_wconf 87' lang='lat' dir='ltr'>lllarcam</span> <span class='ocrx_word' id='word_1_686' title='bbox 1693 4392 1732 4458; x_wconf 80' lang='lat' dir='ltr'>jus</span> <span class='ocrx_word' id='word_1_687' title='bbox 1752 4393 2017 4460; x_wconf 88' lang='lat' dir='ltr'>postulet,etCaro·</span> 
     </span>
     <span class='ocr_line' id='line_1_67' title="bbox 323 4470 2015 4548; baseline 0.003 -25"><span class='ocrx_word' id='word_1_688' title='bbox 323 4473 448 4526; x_wconf 88' lang='lat' dir='ltr'>momenti</span> <span class='ocrx_word' id='word_1_689' title='bbox 467 4490 508 4526; x_wconf 89' lang='lat' dir='ltr'>rea</span> <span class='ocrx_word' id='word_1_690' title='bbox 525 4472 691 4535; x_wconf 87' lang='lat' dir='ltr'>ventilantur,</span> <span class='ocrx_word' id='word_1_691' title='bbox 712 4473 746 4524; x_wconf 91' lang='lat' dir='ltr'>ita</span> <span class='ocrx_word' id='word_1_692' title='bbox 760 4473 910 4542; x_wconf 85' lang='lat' dir='ltr'>juliacensis</span> <span class='ocrx_word' id='word_1_693' title='bbox 921 4490 994 4528; x_wconf 87' lang='lat' dir='ltr'>causa</span> <span class='ocrx_word' id='word_1_694' title='bbox 1008 4475 1041 4531; x_wconf 91' lang='lat' dir='ltr'>ad</span> <span class='ocrx_word' id='word_1_695' title='bbox 1055 4478 1141 4548; x_wconf 88' lang='lat' dir='ltr'>irnpe-</span> <span class='ocrx_word' id='word_1_696' title='bbox 1193 4475 1234 4528; x_wconf 92' lang='lat' dir='ltr'>lus</span> <span class='ocrx_word' id='word_1_697' title='bbox 1251 4473 1372 4542; x_wconf 82' lang='lat' dir='ltr'>Gonsaga</span> <span class='ocrx_word' id='word_1_698' title='bbox 1390 4471 1562 4524; x_wconf 84' lang='lat' dir='ltr'>Niseruensis</span> <span class='ocrx_word' id='word_1_699' title='bbox 1580 4471 1633 4523; x_wconf 91' lang='lat' dir='ltr'>dux</span> <span class='ocrx_word' id='word_1_700' title='bbox 1652 4470 1775 4524; x_wconf 86' lang='lat' dir='ltr'>ducatum</span> <span class='ocrx_word' id='word_1_701' title='bbox 1795 4471 1894 4527; x_wconf 75' lang='lat' dir='ltr'>Cliniae</span> <span class='ocrx_word' id='word_1_702' title='bbox 1906 4485 1931 4528; x_wconf 93' lang='lat' dir='ltr'>et</span> <span class='ocrx_word' id='word_1_703' title='bbox 1945 4478 2015 4529; x_wconf 89' lang='lat' dir='ltr'>illar-</span> 
     </span>
     <span class='ocr_line' id='line_1_68' title="bbox 323 4554 2016 4628; baseline 0.006 -23"><span class='ocrx_word' id='word_1_704' title='bbox 323 4564 436 4607; x_wconf 87' lang='lat' dir='ltr'>ratorem</span> <span class='ocrx_word' id='word_1_705' title='bbox 457 4557 566 4608; x_wconf 87' lang='lat' dir='ltr'>remissa</span> <span class='ocrx_word' id='word_1_706' title='bbox 584 4555 653 4609; x_wconf 89' lang='lat' dir='ltr'>dicta</span> <span class='ocrx_word' id='word_1_707' title='bbox 672 4554 785 4627; x_wconf 79' lang='lat' dir='ltr'>paoli.§.</span> <span class='ocrx_word' id='word_1_708' title='bbox 806 4557 902 4628; x_wconf 85' lang='lat' dir='ltr'>l.quia</span> <span class='ocrx_word' id='word_1_709' title='bbox 916 4575 976 4612; x_wconf 87' lang='lat' dir='ltr'>sero</span> <span class='ocrx_word' id='word_1_710' title='bbox 989 4561 1143 4628; x_wconf 81' lang='lat' dir='ltr'>juliacenses</span> <span class='ocrx_word' id='word_1_711' title='bbox 1193 4575 1249 4613; x_wconf 88' lang='lat' dir='ltr'>cam</span> <span class='ocrx_word' id='word_1_712' title='bbox 1269 4557 1392 4611; x_wconf 89' lang='lat' dir='ltr'>ambierit</span> <span class='ocrx_word' id='word_1_713' title='bbox 1399 4595 1409 4622; x_wconf 90' lang='lat'>,</span> <span class='ocrx_word' id='word_1_714' title='bbox 1428 4556 1472 4609; x_wconf 89' lang='lat' dir='ltr'>sed</span> <span class='ocrx_word' id='word_1_715' title='bbox 1493 4556 1653 4626; x_wconf 65' lang='lat' dir='ltr'>posteriores</span> <span class='ocrx_word' id='word_1_716' title='bbox 1671 4556 1722 4608; x_wconf 86' lang='lat' dir='ltr'>duc</span> <span class='ocrx_word' id='word_1_717' title='bbox 1736 4573 1768 4609; x_wconf 94' lang='lat' dir='ltr'>ex</span> <span class='ocrx_word' id='word_1_718' title='bbox 1781 4573 1871 4610; x_wconf 91' lang='lat' dir='ltr'>causae</span> <span class='ocrx_word' id='word_1_719' title='bbox 1885 4556 2016 4615; x_wconf 79' lang='lat' dir='ltr'>diffiden-</span> 
     </span>
     <span class='ocr_line' id='line_1_69' title="bbox 322 4639 2016 4716; baseline 0.005 -26"><span class='ocrx_word' id='word_1_720' title='bbox 322 4657 425 4692; x_wconf 86' lang='lat' dir='ltr'>rausas.</span> <span class='ocrx_word' id='word_1_721' title='bbox 439 4639 518 4707; x_wconf 85' lang='lat' dir='ltr'>Cujus</span> <span class='ocrx_word' id='word_1_722' title='bbox 536 4641 670 4709; x_wconf 81' lang='lat' dir='ltr'>originem</span> <span class='ocrx_word' id='word_1_723' title='bbox 682 4643 711 4693; x_wconf 50' lang='lat' dir='ltr'>¹si</span> <span class='ocrx_word' id='word_1_724' title='bbox 731 4659 909 4696; x_wconf 88' lang='lat' dir='ltr'>recenseamus</span> <span class='ocrx_word' id='word_1_725' title='bbox 920 4662 1026 4715; x_wconf 88' lang='lat' dir='ltr'>operam</span> <span class='ocrx_word' id='word_1_726' title='bbox 1053 4647 1143 4716; x_wconf 90' lang='lat' dir='ltr'>perde·</span> <span class='ocrx_word' id='word_1_727' title='bbox 1194 4645 1231 4697; x_wconf 83' lang='lat' dir='ltr'>tie</span> <span class='ocrx_word' id='word_1_728' title='bbox 1250 4641 1326 4695; x_wconf 88' lang='lat' dir='ltr'>litem</span> <span class='ocrx_word' id='word_1_729' title='bbox 1344 4640 1491 4694; x_wconf 86' lang='lat' dir='ltr'>deseruisse</span> <span class='ocrx_word' id='word_1_730' title='bbox 1511 4639 1649 4700; x_wconf 71' lang='lat' dir='ltr'>dicuuturr</span> <span class='ocrx_word' id='word_1_731' title='bbox 1668 4652 1706 4692; x_wconf 86' lang='grc' dir='ltr'>ιιι</span> <span class='ocrx_word' id='word_1_732' title='bbox 1724 4641 1923 4708; x_wconf 69' lang='lat' dir='ltr'>potentissimus</span> <span class='ocrx_word' id='word_1_733' title='bbox 1939 4646 2016 4699; x_wconf 88' lang='lat' dir='ltr'>bran·</span> 
     </span>
     <span class='ocr_line' id='line_1_70' title="bbox 327 4722 2015 4796; baseline 0.003 -21"><span class='ocrx_word' id='word_1_734' title='bbox 327 4743 384 4776; x_wconf 88' lang='lat' dir='ltr'>tuas</span> <span class='ocrx_word' id='word_1_735' title='bbox 403 4725 530 4786; x_wconf 70' lang='lat' dir='ltr'>minimas</span> <span class='ocrx_word' id='word_1_736' title='bbox 549 4723 694 4792; x_wconf 86' lang='lat' dir='ltr'>gaudebant</span> <span class='ocrx_word' id='word_1_737' title='bbox 712 4725 792 4780; x_wconf 88' lang='lat' dir='ltr'>initio</span> <span class='ocrx_word' id='word_1_738' title='bbox 811 4728 906 4792; x_wconf 80' lang='lat' dir='ltr'>tuliae,</span> <span class='ocrx_word' id='word_1_739' title='bbox 924 4729 1024 4783; x_wconf 78' lang='lat' dir='ltr'>Cliniae</span> <span class='ocrx_word' id='word_1_740' title='bbox 1035 4747 1063 4780; x_wconf 92' lang='lat' dir='ltr'>ac</span> <span class='ocrx_word' id='word_1_741' title='bbox 1073 4747 1143 4788; x_wconf 84' lang='lat' dir='ltr'>mou·</span> <span class='ocrx_word' id='word_1_742' title='bbox 1195 4727 1252 4781; x_wconf 86' lang='lat' dir='ltr'>deb.</span> <span class='ocrx_word' id='word_1_743' title='bbox 1271 4728 1361 4781; x_wconf 76' lang='lat' dir='ltr'>elector</span> <span class='ocrx_word' id='word_1_744' title='bbox 1380 4725 1419 4776; x_wconf 91' lang='lat' dir='ltr'>nti</span> <span class='ocrx_word' id='word_1_745' title='bbox 1438 4722 1574 4791; x_wconf 83' lang='lat' dir='ltr'>justiorem</span> <span class='ocrx_word' id='word_1_746' title='bbox 1594 4741 1696 4776; x_wconf 80' lang='lat' dir='ltr'>caustro</span> <span class='ocrx_word' id='word_1_747' title='bbox 1719 4725 1756 4775; x_wconf 87' lang='lat' dir='ltr'>ita</span> <span class='ocrx_word' id='word_1_748' title='bbox 1782 4737 1870 4795; x_wconf 88' lang='lat' dir='ltr'>partes</span> <span class='ocrx_word' id='word_1_749' title='bbox 1895 4729 2015 4796; x_wconf 84' lang='lat' dir='ltr'>potiores</span> 
     </span>
     <span class='ocr_line' id='line_1_71' title="bbox 323 4805 2016 4878; baseline -0.001 -15"><span class='ocrx_word' id='word_1_750' title='bbox 323 4811 389 4863; x_wconf 88' lang='lat' dir='ltr'>tium</span> <span class='ocrx_word' id='word_1_751' title='bbox 407 4809 513 4863; x_wconf 90' lang='lat' dir='ltr'>ducatus</span> <span class='ocrx_word' id='word_1_752' title='bbox 542 4805 718 4878; x_wconf 78' lang='lat' dir='ltr'>dynastiarum</span> <span class='ocrx_word' id='word_1_753' title='bbox 737 4827 766 4862; x_wconf 87' lang='lat' dir='ltr'>ac</span> <span class='ocrx_word' id='word_1_754' title='bbox 783 4811 949 4866; x_wconf 87' lang='lat' dir='ltr'>comitatuum</span> <span class='ocrx_word' id='word_1_755' title='bbox 966 4815 1073 4870; x_wconf 88' lang='lat' dir='ltr'>nomine</span> <span class='ocrx_word' id='word_1_756' title='bbox 1092 4825 1144 4870; x_wconf 92' lang='lat' dir='ltr'>tan·</span> <span class='ocrx_word' id='word_1_757' title='bbox 1194 4811 1302 4866; x_wconf 88' lang='lat' dir='ltr'>babebit</span> <span class='ocrx_word' id='word_1_758' title='bbox 1314 4811 1372 4863; x_wconf 84' lang='lat' dir='ltr'>aina</span> <span class='ocrx_word' id='word_1_759' title='bbox 1385 4809 1473 4861; x_wconf 87' lang='lat' dir='ltr'>dubio.</span> <span class='ocrx_word' id='word_1_760' title='bbox 1486 4808 1610 4860; x_wconf 81' lang='lat' dir='ltr'>Erasmus</span> <span class='ocrx_word' id='word_1_761' title='bbox 1625 4807 1713 4860; x_wconf 86' lang='lat' dir='ltr'>Seidel</span> <span class='ocrx_word' id='word_1_762' title='bbox 1724 4827 1751 4876; x_wconf 89' lang='lat' dir='ltr'>p.</span> <span class='ocrx_word' id='word_1_763' title='bbox 1763 4825 1800 4860; x_wconf 81' lang='grc' dir='ltr'>ιι.</span> <span class='ocrx_word' id='word_1_764' title='bbox 1812 4811 1842 4862; x_wconf 92' lang='lat' dir='ltr'>t&#39;n</span> <span class='ocrx_word' id='word_1_765' title='bbox 1855 4811 2016 4866; x_wconf 75' lang='lat' dir='ltr'>deductione</span> 
     </span>
     <span class='ocr_line' id='line_1_72' title="bbox 324 4890 2016 4970; baseline -0.001 -23"><span class='ocrx_word' id='word_1_766' title='bbox 324 4907 387 4962; x_wconf 84' lang='lat' dir='ltr'>tum,</span> <span class='ocrx_word' id='word_1_767' title='bbox 407 4893 522 4962; x_wconf 85' lang='lat' dir='ltr'>angustis</span> <span class='ocrx_word' id='word_1_768' title='bbox 540 4890 640 4945; x_wconf 89' lang='lat' dir='ltr'>linibus</span> <span class='ocrx_word' id='word_1_769' title='bbox 659 4895 873 4963; x_wconf 70' lang='lat' dir='ltr'>circumscriptis</span> <span class='ocrx_word' id='word_1_770' title='bbox 896 4896 1050 4965; x_wconf 91' lang='lat' dir='ltr'>locupletati</span> <span class='ocrx_word' id='word_1_771' title='bbox 1080 4900 1143 4952; x_wconf 90' lang='lat' dir='ltr'>aliis</span> <span class='ocrx_word' id='word_1_772' title='bbox 1188 4899 1264 4970; x_wconf 80' lang='lat' dir='ltr'>juris</span> <span class='ocrx_word' id='word_1_773' title='bbox 1281 4893 1442 4950; x_wconf 85' lang='lat' dir='ltr'>serenissimi</span> <span class='ocrx_word' id='word_1_774' title='bbox 1450 4895 1524 4948; x_wconf 87' lang='lat' dir='ltr'>elect.</span> <span class='ocrx_word' id='word_1_775' title='bbox 1538 4893 1663 4947; x_wconf 79' lang='lat' dir='ltr'>brandei.</span> <span class='ocrx_word' id='word_1_776' title='bbox 1677 4892 1705 4944; x_wconf 88' lang='lat' dir='ltr'>in</span> <span class='ocrx_word' id='word_1_777' title='bbox 1714 4893 1831 4956; x_wconf 86' lang='lat' dir='ltr'>Juliaam,</span> <span class='ocrx_word' id='word_1_778' title='bbox 1844 4896 1965 4950; x_wconf 79' lang='lat' dir='ltr'>Gliciam</span> <span class='ocrx_word' id='word_1_779' title='bbox 1979 4917 2016 4951; x_wconf 78' lang='lat' dir='ltr'>aa.</span> 
     </span>
     <span class='ocr_line' id='line_1_73' title="bbox 324 4977 2015 5049; baseline 0.001 -17"><span class='ocrx_word' id='word_1_780' title='bbox 324 4981 403 5032; x_wconf 83' lang='lat' dir='ltr'>terris</span> <span class='ocrx_word' id='word_1_781' title='bbox 420 4977 470 5033; x_wconf 87' lang='lat' dir='ltr'>sub</span> <span class='ocrx_word' id='word_1_782' title='bbox 487 4977 641 5031; x_wconf 79' lang='lat' dir='ltr'>Gailbclmo</span> <span class='ocrx_word' id='word_1_783' title='bbox 666 4978 763 5032; x_wconf 87' lang='lat' dir='ltr'>ducea</span> <span class='ocrx_word' id='word_1_784' title='bbox 788 4978 919 5034; x_wconf 87' lang='lat' dir='ltr'>Lndorico</span> <span class='ocrx_word' id='word_1_785' title='bbox 945 4981 1045 5036; x_wconf 83' lang='lat' dir='ltr'>Basaro</span> <span class='ocrx_word' id='word_1_786' title='bbox 1075 5001 1143 5035; x_wconf 88' lang='lat' dir='ltr'>anno</span> <span class='ocrx_word' id='word_1_787' title='bbox 1197 4982 1574 5046; x_wconf 82' lang='lat' dir='ltr'>ntaouacrattona,oetam</span> <span class='ocrx_word' id='word_1_788' title='bbox 1591 4977 1789 5049; x_wconf 88' lang='lat' dir='ltr'>potentissimae</span> <span class='ocrx_word' id='word_1_789' title='bbox 1800 4989 1888 5048; x_wconf 89' lang='lat' dir='ltr'>partes</span> <span class='ocrx_word' id='word_1_790' title='bbox 1901 4982 1930 5032; x_wconf 89' lang='lat' dir='ltr'>iu</span> <span class='ocrx_word' id='word_1_791' title='bbox 1942 4995 2015 5034; x_wconf 86' lang='lat' dir='ltr'>arma</span> 
     </span>
     <span class='ocr_line' id='line_1_74' title="bbox 325 5061 1570 5136; baseline 0.001 -21"><span class='ocrx_word' id='word_1_792' title='bbox 325 5064 424 5118; x_wconf 83' lang='lat' dir='ltr'>Cirristi</span> <span class='ocrx_word' id='word_1_793' title='bbox 445 5063 527 5130; x_wconf 70' lang='lat'><strong>1339,</strong></span> <span class='ocrx_word' id='word_1_794' title='bbox 544 5073 570 5114; x_wconf 89' lang='lat' dir='ltr'>et</span> <span class='ocrx_word' id='word_1_795' title='bbox 588 5061 681 5114; x_wconf 84' lang='lat' dir='ltr'>Carolo</span> <span class='ocrx_word' id='word_1_796' title='bbox 698 5074 792 5132; x_wconf 88' lang='lat' dir='ltr'>quarto</span> <span class='ocrx_word' id='word_1_797' title='bbox 810 5081 880 5117; x_wconf 90' lang='lat' dir='ltr'>anuo</span> <span class='ocrx_word' id='word_1_798' title='bbox 901 5064 981 5116; x_wconf 76' lang='lat'><strong>1356.</strong></span> <span class='ocrx_word' id='word_1_799' title='bbox 998 5065 1142 5136; x_wconf 84' lang='lat' dir='ltr'>imperato·</span> <span class='ocrx_word' id='word_1_800' title='bbox 1196 5079 1319 5131; x_wconf 87' lang='lat' dir='ltr'>ruerent,</span> <span class='ocrx_word' id='word_1_801' title='bbox 1332 5063 1384 5118; x_wconf 80' lang='lat' dir='ltr'>tuit</span> <span class='ocrx_word' id='word_1_802' title='bbox 1399 5065 1570 5136; x_wconf 84' lang='lat' dir='ltr'>impeditum.</span> 
     </span>
     <span class='ocr_line' id='line_1_75' title="bbox 323 5144 2015 5217; baseline -0.001 -17"><span class='ocrx_word' id='word_1_803' title='bbox 323 5147 397 5200; x_wconf 87' lang='lat' dir='ltr'>ribus</span> <span class='ocrx_word' id='word_1_804' title='bbox 415 5145 522 5201; x_wconf 86' lang='lat' dir='ltr'>alucatns</span> <span class='ocrx_word' id='word_1_805' title='bbox 540 5145 618 5198; x_wconf 90' lang='lat' dir='ltr'>titulo</span> <span class='ocrx_word' id='word_1_806' title='bbox 637 5145 856 5215; x_wconf 86' lang='lat' dir='ltr'>insigniebantur.</span> <span class='ocrx_word' id='word_1_807' title='bbox 884 5147 950 5201; x_wconf 85' lang='lat' dir='ltr'>Cum</span> <span class='ocrx_word' id='word_1_808' title='bbox 978 5158 1065 5203; x_wconf 90' lang='lat' dir='ltr'>autem</span> <span class='ocrx_word' id='word_1_809' title='bbox 1090 5153 1143 5204; x_wconf 85' lang='lat' dir='ltr'>llu-</span> <span class='ocrx_word' id='word_1_810' title='bbox 1232 5155 1254 5212; x_wconf 64' lang='lat' dir='ltr'>§a</span> <span class='ocrx_word' id='word_1_811' title='bbox 1275 5152 1319 5200; x_wconf 90' lang='grc'>11.</span> <span class='ocrx_word' id='word_1_812' title='bbox 1338 5146 1437 5201; x_wconf 84' lang='lat' dir='ltr'>Eodem</span> <span class='ocrx_word' id='word_1_813' title='bbox 1458 5144 1579 5200; x_wconf 89' lang='lat' dir='ltr'>modoad</span> <span class='ocrx_word' id='word_1_814' title='bbox 1592 5155 1724 5214; x_wconf 86' lang='lat' dir='ltr'>austregas</span> <span class='ocrx_word' id='word_1_815' title='bbox 1747 5147 1817 5198; x_wconf 82' lang='lat' dir='ltr'>salut</span> <span class='ocrx_word' id='word_1_816' title='bbox 1838 5144 1870 5197; x_wconf 87' lang='lat' dir='ltr'>sal</span> <span class='ocrx_word' id='word_1_817' title='bbox 1896 5145 2015 5217; x_wconf 87' lang='lat' dir='ltr'>primatu</span> 
     </span>
     <span class='ocr_line' id='line_1_76' title="bbox 324 5229 2018 5300; baseline 0.001 -16"><span class='ocrx_word' id='word_1_818' title='bbox 324 5231 437 5300; x_wconf 73' lang='lat' dir='ltr'>delphus</span> <span class='ocrx_word' id='word_1_819' title='bbox 455 5249 542 5286; x_wconf 87' lang='lat' dir='ltr'>rerum</span> <span class='ocrx_word' id='word_1_820' title='bbox 560 5231 689 5299; x_wconf 85' lang='lat' dir='ltr'>potiretur</span> <span class='ocrx_word' id='word_1_821' title='bbox 707 5249 729 5284; x_wconf 91' lang='lat' dir='ltr'>a.</span> <span class='ocrx_word' id='word_1_822' title='bbox 750 5229 831 5284; x_wconf 79' lang='lat' dir='ltr'>ttts.</span> <span class='ocrx_word' id='word_1_823' title='bbox 844 5231 947 5286; x_wconf 89' lang='lat' dir='ltr'>indicto</span> <span class='ocrx_word' id='word_1_824' title='bbox 961 5234 1071 5286; x_wconf 87' lang='lat' dir='ltr'>solemni</span> <span class='ocrx_word' id='word_1_825' title='bbox 1085 5251 1145 5288; x_wconf 90' lang='lat' dir='ltr'>con-</span> <span class='ocrx_word' id='word_1_826' title='bbox 1196 5233 1350 5286; x_wconf 88' lang='lat' dir='ltr'>instantiam</span> <span class='ocrx_word' id='word_1_827' title='bbox 1370 5232 1429 5285; x_wconf 88' lang='lat' dir='ltr'>lites</span> <span class='ocrx_word' id='word_1_828' title='bbox 1447 5229 1642 5300; x_wconf 85' lang='lat' dir='ltr'>componendae</span> <span class='ocrx_word' id='word_1_829' title='bbox 1667 5230 1855 5293; x_wconf 68' lang='lat' dir='ltr'>derolruuturs</span> <span class='ocrx_word' id='word_1_830' title='bbox 1882 5239 2018 5300; x_wconf 85' lang='lat' dir='ltr'>austregae</span> 
     </span>
     <span class='ocr_line' id='line_1_77' title="bbox 326 5311 2018 5385; baseline -0.002 -15"><span class='ocrx_word' id='word_1_831' title='bbox 326 5327 401 5370; x_wconf 69' lang='lat' dir='ltr'>centu</span> <span class='ocrx_word' id='word_1_832' title='bbox 420 5331 478 5370; x_wconf 86' lang='lat' dir='ltr'>cum</span> <span class='ocrx_word' id='word_1_833' title='bbox 501 5313 614 5368; x_wconf 88' lang='lat' dir='ltr'>statibus</span> <span class='ocrx_word' id='word_1_834' title='bbox 639 5315 740 5370; x_wconf 81' lang='lat' dir='ltr'>Cliniae</span> <span class='ocrx_word' id='word_1_835' title='bbox 758 5325 808 5368; x_wconf 87' lang='lat' dir='ltr'>etc.</span> <span class='ocrx_word' id='word_1_836' title='bbox 830 5317 1004 5380; x_wconf 78' lang='lat' dir='ltr'>consentione</span> <span class='ocrx_word' id='word_1_837' title='bbox 1023 5321 1142 5373; x_wconf 88' lang='lat' dir='ltr'>unanimi</span> <span class='ocrx_word' id='word_1_838' title='bbox 1177 5329 1180 5335; x_wconf 83' lang='lat'>&#39;</span> <span class='ocrx_word' id='word_1_839' title='bbox 1199 5327 1259 5372; x_wconf 88' lang='lat' dir='ltr'>snut</span> <span class='ocrx_word' id='word_1_840' title='bbox 1277 5318 1393 5385; x_wconf 80' lang='lat' dir='ltr'>judicia,</span> <span class='ocrx_word' id='word_1_841' title='bbox 1411 5316 1440 5366; x_wconf 91' lang='lat' dir='ltr'>iu</span> <span class='ocrx_word' id='word_1_842' title='bbox 1458 5314 1553 5383; x_wconf 86' lang='lat' dir='ltr'>quibus</span> <span class='ocrx_word' id='word_1_843' title='bbox 1570 5324 1695 5366; x_wconf 87' lang='lat' dir='ltr'>certorum</span> <span class='ocrx_word' id='word_1_844' title='bbox 1709 5312 1836 5364; x_wconf 85' lang='lat' dir='ltr'>ordinum</span> <span class='ocrx_word' id='word_1_845' title='bbox 1850 5311 1958 5382; x_wconf 85' lang='lat' dir='ltr'>imperii</span> <span class='ocrx_word' id='word_1_846' title='bbox 1974 5323 2018 5368; x_wconf 80' lang='lat' dir='ltr'>res</span> 
     </span>
     <span class='ocr_line' id='line_1_78' title="bbox 329 5395 2016 5473; baseline -0.002 -22"><span class='ocrx_word' id='word_1_847' title='bbox 329 5399 454 5454; x_wconf 86' lang='lat' dir='ltr'>unionem</span> <span class='ocrx_word' id='word_1_848' title='bbox 471 5399 664 5470; x_wconf 81' lang='lat' dir='ltr'>provinciarum</span> <span class='ocrx_word' id='word_1_849' title='bbox 684 5399 893 5455; x_wconf 86' lang='lat' dir='ltr'>indissolubilem</span> <span class='ocrx_word' id='word_1_850' title='bbox 915 5403 1028 5472; x_wconf 89' lang='lat' dir='ltr'>partim,</span> <span class='ocrx_word' id='word_1_851' title='bbox 1049 5405 1144 5473; x_wconf 91' lang='lat' dir='ltr'>partim</span> <span class='ocrx_word' id='word_1_852' title='bbox 1197 5413 1380 5456; x_wconf 87' lang='lat' dir='ltr'>controversae</span> <span class='ocrx_word' id='word_1_853' title='bbox 1398 5399 1468 5450; x_wconf 84' lang='lat' dir='ltr'>velut</span> <span class='ocrx_word' id='word_1_854' title='bbox 1488 5397 1621 5466; x_wconf 84' lang='lat' dir='ltr'>inprims</span> <span class='ocrx_word' id='word_1_855' title='bbox 1641 5397 1765 5450; x_wconf 82' lang='lat' dir='ltr'>instantia</span> <span class='ocrx_word' id='word_1_856' title='bbox 1776 5399 1850 5465; x_wconf 78' lang='lat' dir='ltr'>juxta</span> <span class='ocrx_word' id='word_1_857' title='bbox 1863 5395 1969 5450; x_wconf 89' lang='lat' dir='ltr'>modum</span> <span class='ocrx_word' id='word_1_858' title='bbox 1986 5398 2016 5451; x_wconf 90' lang='lat' dir='ltr'>in</span> 
     </span>
     <span class='ocr_line' id='line_1_79' title="bbox 332 5477 2012 5557; baseline -0.004 -21"><span class='ocrx_word' id='word_1_859' title='bbox 332 5485 553 5556; x_wconf 84' lang='lat' dir='ltr'>primogeniturae</span> <span class='ocrx_word' id='word_1_860' title='bbox 570 5487 611 5553; x_wconf 85' lang='lat' dir='ltr'>jus</span> <span class='ocrx_word' id='word_1_861' title='bbox 636 5486 668 5538; x_wconf 89' lang='lat' dir='ltr'>ud</span> <span class='ocrx_word' id='word_1_862' title='bbox 693 5483 823 5540; x_wconf 79' lang='lat' dir='ltr'>foeminas</span> <span class='ocrx_word' id='word_1_863' title='bbox 847 5489 931 5557; x_wconf 89' lang='lat' dir='ltr'>quoad</span> <span class='ocrx_word' id='word_1_864' title='bbox 955 5489 1145 5544; x_wconf 86' lang='lat' dir='ltr'>successionem</span> <span class='ocrx_word' id='word_1_865' title='bbox 1197 5481 1411 5539; x_wconf 88' lang='lat' dir='ltr'>ordinationibus</span> <span class='ocrx_word' id='word_1_866' title='bbox 1423 5479 1611 5549; x_wconf 84' lang='lat' dir='ltr'>praescriptum</span> <span class='ocrx_word' id='word_1_867' title='bbox 1625 5479 1656 5531; x_wconf 90' lang='lat' dir='ltr'>ad</span> <span class='ocrx_word' id='word_1_868' title='bbox 1669 5494 1758 5532; x_wconf 88' lang='lat' dir='ltr'>eorum</span> <span class='ocrx_word' id='word_1_869' title='bbox 1770 5477 1910 5532; x_wconf 88' lang='lat' dir='ltr'>utilitatem</span> <span class='ocrx_word' id='word_1_870' title='bbox 1924 5481 2012 5534; x_wconf 86' lang='lat' dir='ltr'>seuti-</span> 
     </span>
     <span class='ocr_line' id='line_1_80' title="bbox 334 5561 2018 5641; baseline -0.004 -20"><span class='ocrx_word' id='word_1_871' title='bbox 334 5567 478 5633; x_wconf 86' lang='lat' dir='ltr'>eonstituit,</span> <span class='ocrx_word' id='word_1_872' title='bbox 494 5569 664 5639; x_wconf 84' lang='lat' dir='ltr'>solemnique,</span> <span class='ocrx_word' id='word_1_873' title='bbox 683 5580 713 5623; x_wconf 95' lang='lat' dir='ltr'>ut</span> <span class='ocrx_word' id='word_1_874' title='bbox 730 5579 828 5622; x_wconf 90' lang='lat' dir='ltr'>sartum</span> <span class='ocrx_word' id='word_1_875' title='bbox 842 5575 947 5641; x_wconf 79' lang='lat' dir='ltr'>partium</span> <span class='ocrx_word' id='word_1_876' title='bbox 963 5571 1147 5637; x_wconf 67' lang='lat' dir='ltr'>servorunlir·</span> <span class='ocrx_word' id='word_1_877' title='bbox 1197 5570 1284 5621; x_wconf 92' lang='lat' dir='ltr'>lantor</span> <span class='ocrx_word' id='word_1_878' title='bbox 1300 5583 1331 5620; x_wconf 87' lang='lat' dir='ltr'>ac</span> <span class='ocrx_word' id='word_1_879' title='bbox 1347 5563 1520 5627; x_wconf 87' lang='lat' dir='ltr'>deciduntur,</span> <span class='ocrx_word' id='word_1_880' title='bbox 1542 5561 1686 5628; x_wconf 86' lang='lat' dir='ltr'>Scbubart,</span> <span class='ocrx_word' id='word_1_881' title='bbox 1712 5571 1790 5617; x_wconf 80' lang='lat' dir='ltr'>tract.</span> <span class='ocrx_word' id='word_1_882' title='bbox 1819 5561 1853 5615; x_wconf 79' lang='lat' dir='ltr'>de</span> <span class='ocrx_word' id='word_1_883' title='bbox 1882 5563 2018 5633; x_wconf 76' lang='lat' dir='ltr'>austregie</span> 
     </span>
     <span class='ocr_line' id='line_1_81' title="bbox 328 5647 2019 5728; baseline -0.005 -18"><span class='ocrx_word' id='word_1_884' title='bbox 328 5656 409 5711; x_wconf 89' lang='lat' dir='ltr'>marit</span> <span class='ocrx_word' id='word_1_885' title='bbox 418 5664 618 5712; x_wconf 81' lang='lat' dir='ltr'>auctoramento.</span> <span class='ocrx_word' id='word_1_886' title='bbox 637 5655 797 5724; x_wconf 60' lang='lat' dir='ltr'>Postffomuis</span> <span class='ocrx_word' id='word_1_887' title='bbox 809 5656 902 5712; x_wconf 86' lang='lat' dir='ltr'>borum</span> <span class='ocrx_word' id='word_1_888' title='bbox 917 5657 1055 5715; x_wconf 85' lang='lat' dir='ltr'>ducatuum</span> <span class='ocrx_word' id='word_1_889' title='bbox 1076 5669 1145 5714; x_wconf 90' lang='lat' dir='ltr'>terra</span> <span class='ocrx_word' id='word_1_890' title='bbox 1201 5671 1260 5726; x_wconf 79' lang='lat' dir='ltr'>cop.</span> <span class='ocrx_word' id='word_1_891' title='bbox 1278 5656 1305 5707; x_wconf 91' lang='grc'>1.</span> <span class='ocrx_word' id='word_1_892' title='bbox 1323 5669 1352 5706; x_wconf 86' lang='grc' dir='ltr'>ιι.</span> <span class='ocrx_word' id='word_1_893' title='bbox 1370 5650 1413 5706; x_wconf 67' lang='lat' dir='ltr'>lb.</span> <span class='ocrx_word' id='word_1_894' title='bbox 1432 5650 1585 5704; x_wconf 81' lang='lat' dir='ltr'>Processuru</span> <span class='ocrx_word' id='word_1_895' title='bbox 1600 5649 1688 5722; x_wconf 86' lang='lat' dir='ltr'>ipsum</span> <span class='ocrx_word' id='word_1_896' title='bbox 1701 5647 1834 5728; x_wconf 81' lang='lat' dir='ltr'>delineare</span> <span class='ocrx_word' id='word_1_897' title='bbox 1852 5647 1974 5704; x_wconf 82' lang='lat' dir='ltr'>nimia-lo</span> <span class='ocrx_word' id='word_1_898' title='bbox 1988 5662 2019 5702; x_wconf 87' lang='lat' dir='ltr'>a·</span> 
     </span>
    </p>
   </div>
   <div class='ocr_carea' id='block_1_8' title="bbox 0 0 2203 6212">
    <p class='ocr_par' dir='ltr' id='par_1_9' title="bbox 0 0 2203 6212">
     <span class='ocr_line' id='line_1_82' title="bbox 0 0 2203 6212; baseline 0 0"><span class='ocrx_word' id='word_1_899' title='bbox 0 0 2203 6212; x_wconf 95' lang='lat' dir='ltr'> </span> 
     </span>
    </p>
   </div>
  </div>
 </body>
</html>
