4374 6216
211 271 243 324 8⁹
517 258 565 311 DE
580 252 843 310 ttttssstttcottutt
864 248 1135 309 ttttsstttt’ltsrtvt
1157 246 1371 302 ntottrtrtust
1390 261 1452 302 ιτα.
1739 249 1774 300 33

154 369 206 439 pius
222 367 248 421 in
263 375 365 418 ιιιιιιιιιι
386 355 499 412 historic
517 353 589 408 docet
606 372 619 402 ι
637 347 802 420 cupientibus
822 348 951 417 improbo·
1003 349 1032 398 in
1036 345 1092 414 fin.
1111 347 1190 398 verti.
1204 347 1250 400 seri
1265 346 1301 397 nri
1317 345 1464 398 nicanorem
1484 342 1541 416 ejus
1559 341 1606 393 vei
1622 338 1703 402 insa.
1722 342 1769 394 vei
1782 343 1828 398 mi-

150 460 196 502 turn
213 447 289 500 iuisse
306 443 451 500 iustiniani
471 439 619 498 consilium,
638 433 707 504 quoti
727 435 950 486 Ssmsritrssirc
1001 431 1181 486 sericortiium
1209 431 1287 485 turba
1306 441 1444 484 contracta
1461 440 1509 482 est.
1524 426 1563 498 ff.
1588 427 1621 480 tis
1643 427 1670 480 ri
1692 427 1827 480 bonorum

150 535 220 587 ninia
236 532 265 583 sti
282 529 458 582 christianam
485 523 639 590 religionem
664 518 835 587 compulerit,
860 529 885 570 et
910 517 951 568 in·
1001 528 1153 587 ruptorum.
1175 515 1209 568 Iit
1227 516 1335 586 quidem
1352 527 1475 569 tenentur
1489 516 1516 566 in
1534 513 1641 582 tiupium
1656 514 1742 566 damni
1759 515 1823 582 dati,
1842 533 1897 586 13³

151 615 271 668 commoda
292 630 343 665 non
362 626 538 681 prucs,ane
557 607 697 658 intieorta
722 611 798 663 sont,
826 609 951 652 recenset.
1001 619 1095 670 nempe
1111 602 1471 668 intrsannum,poatauuum
1482 591 1719 666 reroiissirnpiuro,
1736 599 1823 652 omni·

95 703 134 756 123
147 701 223 753 ttntto
239 697 325 749 minus
343 694 450 746 eeclesia
470 709 518 761 qua
538 689 605 752 talis,
625 685 706 739 ermis
731 699 760 736 ac
787 683 878 752 poenis
905 699 951 750 po·
1002 685 1048 736 isus
1058 685 1101 745 iis,
1114 685 1159 753 qui
1171 683 1353 736 tiamnurusiiti
1363 685 1447 736 cletum
1462 683 1824 754 esseprobsrepossunt,imn

149 783 213 854 prins
229 781 329 850 ignotae
347 794 449 849 quoque
468 775 549 845 partis
576 783 705 826 terrarum
728 766 767 844 ad¹
778 764 950 817 christianum
1001 769 1079 820 etism
1091 769 1394 838 extraortlinsriepuniri
1406 776 1508 836 possent
1519 765 1825 836 progrsritsteatimissi,

149 865 289 934 reiigiouem
308 864 451 932 perlucere
470 855 521 910 sibi
542 867 634 908 tumst·
655 853 793 922 Apotioltss
813 850 906 902 Paulos
927 852 951 900 1.
1000 865 1106 906 comet
1128 851 1166 904 sio
1186 851 1319 922 poblicum
1340 851 1469 904 interesse
1487 867 1561 902 sunm
1582 849 1715 903 vindicare
1738 851 1825 906 soient.

93 959 136 1011 127
149 967 196 1003 cor.
208 949 230 1001 ii.
247 965 275 1000 rt.
290 948 333 998 12.
351 947 434 1014 painm
455 939 590 995 esserebat
599 978 608 1004 ,
630 937 682 990 sibi
702 955 753 990 non
772 951 829 988 esse
846 933 950 988 incuita-
1003 935 1060 987 Nou
1073 936 1157 988 scium
1181 935 1252 986 enirn
1267 945 1339 986 extro
1351 935 1468 988 ordinem
1482 933 1634 986 rintlicunda
1648 933 1740 986 darona
1754 944 1824 999 sunt,
1844 957 1896 1008 134

148 1043 192 1084 tem
207 1031 343 1100 jotiicandi
363 1045 424 1092 eos,
439 1027 482 1096 qui
505 1034 579 1078 extra
599 1019 828 1076 christianismum
848 1026 949 1070 estruit
998 1019 1096 1090 quibus
1113 1020 1187 1072 <totos
1204 1037 1305 1073 rausum
1326 1021 1409 1080 dedit,
1428 1018 1472 1070 soi
1490 1019 1569 1070 etiarn
1589 1017 1686 1086 quibus
1705 1019 1753 1071 iata
1770 1020 1825 1069 oui-

146 1131 187 1168 sur
201 1113 306 1168 ecelesia
323 1112 437 1182 apostoli
451 1109 582 1162 imitatrix
596 1106 668 1161 alioci
683 1105 734 1158 sibi
751 1101 883 1172 posceret?
897 1103 951 1154 rid.
1003 1123 1045 1174 pa,
1062 1121 1127 1174 qnae
1148 1119 1227 1174 prop,
1246 1106 1335 1158 ,tolum
1355 1115 1394 1156 „q
1412 1104 1429 1156 1⁸
1448 1103 1474 1154 7,
1490 1119 1531 1171 p„
1549 1101 1619 1156 mh,
1639 1102 1753 1156 „lm-3
1773 1105 1825 1154 ,mg

92 1211 134 1262 ηε
151 1209 226 1249 tamen
244 1197 322 1250 Grot.
341 1197 368 1249 ti.
392 1195 411 1246 i.
429 1212 451 1247 c.
472 1195 515 1245 22.
535 1211 562 1244 n.
591 1193 634 1245 tt.
658 1187 718 1242 Non
736 1188 805 1241 obst.
831 1188 951 1257 perebois
1001 1188 1201 1242 ren'rnrdiutiu
1217 1199 1276 1242 ctus
1292 1189 1355 1242 doio
1374 1186 1529 1252 proximum
1550 1197 1595 1239 ert.
1615 1184 1647 1253 ff.
1665 1187 1752 1252 depos.
1780 1188 1825 1241 sio

146 1283 175 1336 rie
185 1285 296 1355 nuptiis,
314 1282 382 1351 quoti
400 1280 481 1334 eoacti
499 1278 605 1349 qnidam
624 1277 679 1328 sint
695 1275 807 1328 introire
826 1274 890 1326 Luc.
911 1270 954 1327 tt.
1003 1273 1151 1343 praefectus
1169 1274 1277 1344 vigilum
1300 1273 1317 1326 i.
1338 1275 1363 1324 3.
1381 1270 1404 1343 5.
1425 1276 1447 1324 1.
1451 1269 1491 1341 ff
1503 1274 1536 1325 de
1548 1269 1598 1338 off.
1610 1271 1738 1341 praefert.
1752 1272 1823 1342 vigit.
1845 1295 1896 1350 133

89 1385 132 1437 ηρ
147 1385 205 1420 ιιι-ι.
223 1369 264 1420 23.
282 1367 338 1419 Nec
356 1383 420 1420 nnn.
437 1364 482 1416 13.
500 1381 524 1414 c.
543 1363 586 1413 23.
605 1380 629 1431 q.
642 1359 666 1410 4.
686 1359 767 1428 Quasi
783 1355 903 1408 Christus
915 1365 951 1407 ei·
1004 1358 1042 1410 rei
1060 1356 1175 1412 turritos
1194 1357 1328 1426 castigavit
1345 1373 1397 1417 eos,
1415 1357 1461 1426 qtti
1482 1355 1658 1425 negligentius
1677 1355 1826 1408 habuerant

143 1455 188 1508 istc
206 1456 314 1509 Serrium
333 1471 384 1506 uon
406 1451 569 1504 toresoiurn
590 1442 801 1514 compescuisset,
821 1449 955 1492 resumet
1006 1444 1101 1511 ignem,
1122 1445 1160 1496 sei
1179 1461 1264 1496 sesera
1292 1441 1496 1494 interlocutione
1514 1441 1685 1490 eornmtmtus
1712 1435 1822 1488 fustium

89 1554 130 1605 iao
146 1552 260 1615 potestate
278 1543 470 1612 prostravisset.
498 1537 564 1590 Nam
589 1535 617 1588 in
636 1532 757 1606 pamboia
780 1543 873 1598 cogere
901 1547 953 1581 non
1002 1526 1200 1595 castigationem
1219 1525 1330 1579 remisit.
1349 1524 1404 1576 Nec
1423 1522 1555 1576 ministris
1573 1521 1697 1574 ecciesiae
1716 1523 1823 1590 impune
1847 1545 1897 1596 135

144 1630 189 1682 rim
206 1636 249 1680 aut
266 1643 340 1680 armo
359 1625 479 1687 denotet,
498 1623 543 1674 seri
563 1619 715 1671 instantiam
729 1615 852 1669 rocerrtis.
864 1613 953 1668 Canon
1004 1625 1060 1660 esse
1086 1611 1169 1675 sciet,
1187 1609 1292 1681 quondo
1311 1607 1496 1678 intempestive
1516 1605 1698 1658 misericordes
1716 1617 1777 1658 aunt
1797 1603 1825 1655 in

145 1732 197 1767 sero
213 1712 272 1766 ideo
290 1711 384 1764 obesse
402 1711 507 1777 nequit,
525 1703 593 1776 quod
613 1703 683 1756 Deus
701 1699 740 1750 ibi
760 1699 787 1751 in
814 1698 890 1752 Sutrio
909 1697 956 1749 rni-
1004 1704 1157 1764 peccatores,
1171 1711 1219 1746 nec
1232 1691 1369 1752 ritiaioate
1384 1701 1486 1755 taxent,
1502 1688 1723 1742 sottenibmrttto
1735 1689 1824 1740 omnia

145 1800 249 1853 rsculum
269 1795 350 1849 coiere
364 1794 489 1856 soluerit,
508 1801 532 1843 ct
552 1806 581 1841 ea
598 1787 639 1841 ris
659 1785 687 1838 in
706 1799 792 1836 reram
809 1778 890 1834 iidem
907 1792 955 1832 tra·
1006 1788 1144 1845 perngerum
1163 1789 1348 1848 praeterquam
1362 1779 1433 1829 eninr
1445 1813 1452 1842 ,
1465 1773 1533 1846 quoti
1546 1773 1699 1838 sanguinem
1716 1772 1826 1824 istor-ur„

88 1912 129 1964 ω
144 1883 236 1936 «lucere.
254 1883 407 1950 Sequuntur
424 1874 533 1936 subditi,
551 1867 680 1942 quomodo
700 1865 744 1919 isti
758 1865 838 1916 etium
855 1861 889 1916 ob
908 1864 955 1916 nri·
1006 1873 1167 1930 peccatorum
1188 1861 1291 1913 Druse
1318 1859 1439 1913 manibus
1465 1860 1559 1911 horum
1583 1854 1773 1926 negiigantium
1801 1871 1828 1908 se

145 1965 308 2018 serioonliam
329 1965 407 2015 talem
426 1975 486 2026 erga
505 1953 650 2008 secerdotes
667 1960 709 2001 sot
727 1965 806 2010 soors,
821 1947 956 2002 incurrere
1005 1943 1189 2010 postulaturum
1209 1947 1333 2006 minetur,
1353 1953 1426 1996 extra
1444 1943 1568 1994 ordinem
1588 1957 1689 2010 qnoque
1708 1959 1721 1992 e
1740 1939 1827 2007 juitiis

144 2052 237 2119 possint
257 2048 395 2106 damnum,
415 2051 442 2093 et
460 2039 522 2095 tisre
538 2053 640 2106 qnoque
659 2033 770 2104 publico.
782 2049 804 2084 e.
816 2048 841 2100 g·
856 2031 885 2084 Si
898 2032 955 2084 sub-
1004 2027 1180 2079 ecciesisstico
1197 2029 1287 2095 puniri
1300 2037 1418 2096 possunt,
1432 2026 1554 2095 Corpeor.
1567 2023 1595 2077 in
1601 2025 1719 2097 jurispr.
1732 2025 1822 2077 gentes,

145 2131 266 2198 iiti,rcl
287 2128 370 2199 aiiqui
396 2142 501 2188 eorum,
527 2118 648 2172 ministro
673 2114 747 2170 serbi
772 2112 858 2166 disini
885 2116 955 2180 justo
1003 2109 1145 2162 ritune.
1168 2110 1194 2162 3.
1214 2109 1269 2177 def
1290 2111 1349 2160 10¹1.
1371 2127 1399 2159 n.
1418 2109 1442 2159 3.
1464 2108 1493 2159 in
1514 2109 1622 2160 aeclesis
1642 2107 1759 2176 quippe,
1779 2105 1824 2158 ubi
1845 2115 1900 2164 137

140 2217 260 2290 supplicio
279 2212 390 2274 offecto,
408 2209 442 2264 sti
461 2201 669 2262 miseriordiam
684 2207 895 2272 provocarent,et
909 2200 951 2250 in·
1005 2196 1121 2247 maxims
1139 2192 1259 2246 misereri
1277 2193 1362 2256 decet,
1381 2191 1467 2243 teucri
1489 2199 1541 2242 tam
1552 2207 1582 2242 en
1602 2187 1677 2241 debet
1695 2189 1778 2241 torma
1791 2191 1829 2256 ju·

141 2303 171 2354 tie
187 2299 283 2352 seditio
302 2297 340 2347 rei
359 2292 450 2345 turbae
466 2290 613 2352 orirentur,
631 2296 657 2340 et
676 2286 714 2338 sic
726 2284 850 2336 domuum
864 2282 956 2338 tiarcnt
1005 2278 1117 2332 stiriae:
1136 2287 1163 2330 et
1175 2279 1199 2329 si
1211 2275 1277 2329 forte
1289 2277 1356 2344 juste
1373 2273 1453 2344 siiqui
1467 2293 1482 2325 a
1497 2271 1829 2327 communionisconsortio

143 2383 259 2454 pubiiro,
277 2379 366 2430 damni
388 2377 416 2426 in
435 2373 509 2426 turbs
528 2372 583 2424 tiati
612 2371 649 2424 rei
675 2378 781 2432 essent,
805 2379 831 2421 ct
857 2366 955 2419 ideirco
1005 2361 1117 2431 sepsrsti
1135 2372 1205 2423 suut,
1225 2358 1311 2413 brevis
1328 2359 1414 2427 siiqua
1430 2359 1569 2428 lacrymula
1589 2373 1641 2409 non
1660 2359 1730 2423 josto
1744 2357 1825 2408 eitius

83 2481 127 2531 132
143 2467 309 2536 punirentur,
327 2461 390 2512 iicet
401 2457 474 2510 enim
493 2455 544 2526 ipsi
564 2453 669 2507 turbins
696 2447 894 2503 consueuerint
911 2446 953 2498 di·
1005 2463 1019 2497 a
1038 2443 1165 2496 isciiitate
1182 2443 1330 2497 sucerdotis
1347 2453 1499 2512 extorqueat
1518 2441 1711 2493 remissionem.
1727 2439 1821 2491 i'uciii·

141 2564 215 2614 recto,
232 2550 295 2620 quia
316 2558 401 2598 temen
419 2541 453 2594 oh
471 2537 685 2610 intempestivam
714 2535 781 2588 hanc
807 2532 955 2586 misericor·
1008 2537 1047 2580 ras
1065 2526 1137 2580 cuim
1158 2543 1256 2598 poeuse
1275 2526 1438 2578 insentivum
1458 2523 1634 2595 delinquendi
1655 2523 1749 2576 tribuit
1764 2523 1824 2574 tim-

143 2639 208 2688 diem
229 2636 322 2687 turbae
339 2626 440 2682 occasio
460 2625 577 2686 fuerunt,
600 2628 728 2676 tenentur.
744 2633 796 2688 per
813 2618 832 2667 i.
846 2614 871 2665 1.
889 2621 911 2676 ς.
929 2613 955 2664 3.
1010 2609 1049 2662 br.
1067 2627 1090 2663 c.
1108 2611 1152 2663 33.
1170 2626 1194 2663 c.
1214 2610 1260 2662 23.
1280 2627 1307 2680 q.
1319 2609 1342 2662 i.

817 2775 1065 2846 CAPUT
1112 2775 1172 2844 VI.

232 2977 288 3042 Dc
315 2967 552 3038 misericordia
578 2957 816 3050 intempestiva
839 2949 1037 3042 degentium
1061 2957 1098 3020 in
1123 2960 1257 3022 ciuitate
1281 2953 1411 3018 iutuitu
1426 2965 1536 3020 status
1549 2950 1726 3018 secularis.

1015 3145 1086 3198 Num
1100 3143 1218 3198 subditus
1231 3143 1267 3196 cti
1283 3139 1433 3194 evitandum
1447 3137 1555 3201 betium,
1566 3137 1627 3192 iicet
1639 3137 1780 3205 innocens,
1795 3141 1829 3192 sb

1051 3229 1124 3278 ltoste
1134 3227 1289 3295 postulatus
1303 3223 1329 3274 ei
1339 3220 1414 3276 tradi
1421 3221 1528 3292 possit?
1542 3241 1571 3273 r.
1584 3223 1626 3272 22.

1016 3303 1191 3367 Argumenta
1201 3313 1253 3366 pro
1265 3294 1393 3362 opinione
1407 3292 1545 3360 negativa·
1559 3311 1587 3343 n.
1601 3293 1644 3345 23.
1659 3291 1700 3344 21.

137 3404 331 3464 connexionis
345 3399 428 3456 rotie.
444 3419 470 3453 ιι.
486 3403 512 3450 1.
1014 3380 1194 3450 Affirmctioa
1207 3393 1243 3430 ert
1256 3380 1358 3446 verior.
1372 3395 1398 3428 n.
1414 3376 1465 3454 23.

139 3485 376 3565 Dejusts‘ts'ubeiii
400 3503 436 3540 en
454 3477 583 3542 naturali,
605 3476 727 3548 gentium
747 3482 773 3525 st
793 3469 890 3524 tir'rs'rro'
903 3467 966 3538 iure
1016 3467 1126 3518 Arserti
1136 3463 1218 3517 ratic.
1232 3482 1259 3515 n.
1272 3461 1315 3513 23.

180 3594 209 3626 n.
226 3575 252 3625 2.
1019 3547 1140 3621 objectio
1153 3556 1251 3599 contro
1267 3555 1405 3598 assertum.
1419 3563 1446 3594 ιι.
1459 3541 1502 3595 27.

139 3659 209 3712 Non
228 3657 265 3710 ob
278 3649 489 3707 misericorditem
503 3647 605 3702 sicinus
617 3642 662 3694 vic
668 3643 738 3692 'num
751 3637 882 3705 populum
899 3635 966 3688 tetta
1017 3631 1173 3702 Responsio
1187 3632 1224 3683 oti
1235 3631 1347 3698 objectu.
1361 3648 1388 3682 n.
1402 3629 1445 3678 23.
1457 3627 1501 3678 23.
1516 3627 1558 3678 33.

175 3742 323 3813 subjugare
333 3737 419 3801 possit
430 3753 458 3788 se
470 3729 580 3804 regendi
599 3726 715 3781 nescium
739 3733 765 3776 et
785 3721 849 3775 inde
867 3719 968 3788 peritu-
1020 3719 1067 3768 An
1082 3715 1179 3769 Corott
1190 3717 1211 3768 1.
1223 3715 1291 3780 regis
1306 3711 1427 3782 Angtine
1438 3709 1613 3778 exemptum?
1628 3729 1653 3762 n.
1667 3709 1711 3762 31.
1728 3709 1771 3761 32.

173 3819 260 3878 'ruini
274 3839 302 3874 n.
316 3823 341 3872 3.
1020 3802 1138 3868 Quando
1151 3799 1248 3852 iritum
1266 3797 1408 3850 necessitas
1426 3796 1526 3860 poscit,
1552 3793 1614 3846 tettt
1630 3795 1697 3866 jum
1722 3813 1778 3846 ιιοιι
1799 3795 1828 3844 in

141 3907 219 3959 natta
237 3921 292 3974 pro
306 3901 475 3972 affimativa.
490 3917 517 3950 n.
536 3897 560 3949 i.
1051 3885 1125 3952 ipsos
1137 3885 1226 3937 instes
1238 3883 1334 3947 solum,
1346 3882 1394 3934 sed
1405 3880 1486 3934 etium
1505 3881 1533 3932 in
1552 3895 1642 3932 eorrtm
1658 3881 1744 3930 socios
1763 3897 1829 3931 con·

143 3989 194 4042 Sed
204 3989 333 4060 negativo
346 3987 438 4054 opinio
452 3986 554 4038 serior:
572 3997 633 4034 cnm
653 3995 708 4030 nnn
720 3976 821 4037 statim,
833 3973 907 4041 puori
917 3971 967 4025 uti·
1053 3967 1191 4020 ceduntur.
1205 3985 1233 4017 n.
1251 3965 1296 4018 33.

177 4078 215 4141 ie,
230 4076 316 4128 citeri
330 4073 357 4132 oi
366 4072 486 4142 qucdcm
503 4061 692 4139 imponendum
705 4056 748 4115 sit.
760 4079 777 4112 n
802 4059 827 4109 3.
1015 4049 1179 4117 Exemplum
1194 4047 1331 4101 Antiochi.
1344 4065 1369 4100 n.
1385 4045 1428 4099 31.

145 4161 233 4213 Uultu
248 4157 326 4213 mnia
347 4155 445 4208 cettan
462 4153 556 4213 tates,
576 4167 594 4202 a
611 4148 710 4220 quihus
727 4143 824 4202 uictori
833 4139 966 4192 obstinen-
1017 4131 1260 4188 cartennensem
1271 4131 1305 4183 ni
1317 4129 1542 4181 indictioneiteiii.
1556 4146 1583 4180 n.
1596 4129 1639 4181 35.

178 4255 244 4306 dum
265 4260 323 4300 esse
339 4257 408 4294 sone
426 4255 538 4309 qunque
552 4236 632 4300 iubet
650 4230 732 4284 ratio·
752 4245 783 4279 ιι.
804 4226 829 4277 3.
1016 4221 1064 4270 Art
1077 4218 1106 4271 in
1117 4231 1164 4270 eos
1176 4215 1237 4267 tettt
1245 4215 1309 4281 iuro
1319 4213 1423 4274 cientur,
1438 4209 1485 4280 qni
1496 4221 1587 4283 aperte
1604 4212 1710 4282 quidem
1723 4213 1758 4267 nb
1775 4217 1825 4266 iio·

149 4329 320 4405 Injminrum
353 4323 475 4376 cumulus
501 4317 603 4372 vt'ctori
627 4331 684 4368 non
710 4327 771 4366 ntro
798 4306 968 4362 metuendos.
1051 4301 1131 4356 stium
1142 4299 1263 4371 portibus
1277 4295 1829 4367 nonsnnt,sedmirericnrtiinepraetextu

186 4434 269 4468 num.
287 4411 314 4461 7.
1050 4385 1083 4438 iis
1097 4383 1221 4454 afferunt
1232 4383 1360 4437 suisirir'n.
1375 4399 1401 4431 ιι.
1417 4379 1461 4430 33.

148 4498 276 4556 iistionis
305 4509 367 4547 usos
390 4489 497 4545 utiiium
522 4495 549 4538 et
576 4479 715 4538 inutilium
742 4478 898 4532 electionem
927 4471 968 4526 tii-
1016 4472 1186 4540 Argumenta
1197 4485 1248 4538 pro
1263 4467 1392 4536 negativa
1405 4460 1546 4516 sententio.
1560 4477 1587 4514 n.
1601 4461 1643 4514 37.
1663 4461 1705 4513 33.

181 4595 249 4640 ctat.
271 4600 299 4632 ιι.
321 4579 345 4628 8.
1016 4553 1153 4616 Exemplo
1165 4551 1194 4604 in
1206 4567 1269 4604 eunt
1281 4547 1449 4617 opinionem.
1462 4566 1488 4600 ιι.
1503 4547 1546 4597 39.
1558 4561 1628 4617 seqq.

148 4670 177 4722 A
193 4667 249 4722 tnii
260 4663 341 4727 belin,
352 4655 448 4714 incerti
459 4663 572 4709 eventrn
591 4652 652 4707 nien
673 4647 834 4718 inserentem
847 4641 968 4698 detinere
1015 4637 1240 4708 Respondeturiis
1252 4632 1389 4704 exemptis.
1402 4652 1430 4686 η.
1442 4633 1487 4685 43.

183 4754 272 4807 ricber-
291 4767 318 4799 n·
336 4747 362 4798 9.
1016 4729 1078 4782 Νοιι
1098 4736 1137 4778 est
1156 4733 1242 4777 tutum
1260 4717 1478 4774 riciniritostiius
1491 4718 1610 4774 oliorum
1623 4718 1827 4773 subeninisepm

147 4835 272 4905 lingonis
286 4830 372 4883 Grotii
386 4828 416 4882 in
426 4841 490 4882 eom
503 4838 560 4876 rem
571 4819 761 4873 testimonium.
774 4833 802 4866 n.
815 4813 859 4864 13.
1052 4812 1190 4865 arimania.
1211 4825 1240 4861 η.
1258 4806 1301 4858 ii.

153 4921 221 4992 Ejus
236 4914 338 4971 osser-ti
349 4913 431 4968 ratio.
444 4927 471 4961 rr.
485 4910 530 4959 tt.
980 4943 981 4949 ,
1016 4897 1120 4970 liffeim
1130 4913 1186 4950 nnn
1198 4903 1288 4962 potest
1297 4908 1355 4945 non
1368 4907 1425 4945 erse
1437 4891 1540 4960 animo,
1553 4889 1599 4963 qui
1608 4891 1694 4944 borres
1707 4890 1825 4942 oliorum

153 5002 316 5057 Occurritur
326 4995 368 5060 iis,
382 5011 452 5066 qeins
463 4991 659 5059 oistnrepnrss
676 4983 842 5039 videbantur
859 4992 967 5036 nostru
1046 4983 1139 5054 juvor.
1161 4997 1189 5030 ιι.
1208 4977 1249 5030 ii,

185 5075 560 5140 sententiae.n.12.13.ii.
1019 5065 1079 5117 Ant·
1095 5059 1276 5117 distinctionis
1297 5061 1415 5115 remedio
1434 5061 1646 5116 controuersiam
1667 5079 1828 5130 componere

154 5173 267 5226 Justum
282 5179 322 5222 est
334 5165 441 5228 ieiium,
454 5158 679 5232 quoinecerritns
690 5151 816 5220 imponit.
829 5170 857 5203 ιι.
872 5151 913 5205 ts.
1050 5157 1186 5218 satagunt.
1200 5165 1226 5198 ιι.
1236 5144 1280 5198 13.

153 5260 192 5312 Et
206 5253 321 5326 quentin
332 5268 390 5319 pos·
399 5247 508 5319 gravior
522 5237 697 5310 belicsuturc
710 5244 756 5289 est.
770 5253 797 5288 ιι.
812 5236 853 5287 13.
1015 5234 1068 5286 Sed
1077 5233 1127 5285 istc
1141 5232 1221 5285 dubio
1235 5247 1290 5284 non
1302 5225 1444 5298 rotisfhcit,
1455 5241 1516 5279 cum
1530 5225 1575 5278 itta
1587 5227 1679 5292 etiam,
1692 5247 1762 5298 quos
1778 5247 1827 5308 vo.

154 5341 238 5393 Atius
251 5325 631 5409 qualitercumquetcierniiir's
641 5341 700 5395 pcc
712 5317 875 5376 redimendo·
886 5336 912 5372 n.
927 5319 968 5372 tt.
1053 5316 1162 5381 luptatis
1170 5315 1260 5386 gratis
1272 5311 1516 5372 subministrantur,
1541 5309 1611 5362 trosti
1625 5311 1750 5382 prodesse
1765 5334 1827 5387 pos·

155 5431 362 5496 Argumentum
376 5417 412 5474 nb
425 5415 548 5484 eaeempio
564 5408 666 5469 Christi
674 5405 780 5462 dicitur.
792 5423 817 5457 n.
832 5405 875 5455 ts.
1053 5401 1114 5452 sint.
1129 5418 1154 5452 n.
1171 5400 1213 5451 17.

154 5507 248 5564 Attoct
264 5515 451 5578 orprsmentunr
477 5519 513 5554 es
538 5495 697 5554 numericis
714 5492 789 5566 juris
812 5487 919 5545 ciuilis.
943 5507 970 5543 n.
1020 5487 1075 5538 Nee
1088 5485 1309 5536 commerciorum
1323 5479 1431 5533 libertos
1439 5475 1506 5532 beili
1507 5476 1571 5547 jora
1584 5481 1727 5552 restringit.
1741 5503 1768 5538 n.
1783 5485 1829 5538 i8.

194 5593 242 5644 ttr.
261 5592 304 5643 23.
803 5623 808 5637 ,
1026 5571 1216 5624 Testimonium
1229 5570 1263 5620 tt.
1276 5567 1375 5621 Grotii.
1389 5583 1413 5616 n.
1429 5565 1471 5616 13.

161 5675 282 5730 Senecae
293 5691 354 5729 enm
368 5669 397 5724 in
411 5687 466 5724 rem
480 5665 671 5721 testimonium.
686 5681 713 5717 ιι.
726 5663 770 5715 21.
1025 5656 1105 5710 Ratio
1118 5655 1174 5726 eius
1188 5651 1293 5726 exjurc
1305 5669 1404 5707 conon.
1418 5670 1443 5704 n.
1458 5649 1501 5704 iio.

381 3187 717 3254 SuntttArttA
