4460 6208
398 369 452 426 titt
884 359 1074 418 ntentt'rtt.
1092 359 1178 414 xttt.
1198 357 1301 414 nint.
1319 360 1342 414 1.
1362 357 1479 416 cetur
1497 362 1532 416 V.
1906 359 1963 416 ets

326 466 405 522 esini.
423 461 498 535 Quod
517 468 602 516 sutem
620 459 686 530 juris
703 459 818 528 gentium
837 455 881 520 sit,
895 467 918 510 et
934 455 1041 525 quidem
1055 455 1139 508 nomi·
1192 470 1264 508 reuss
1281 455 1369 510 Hand
1386 455 1541 518 senatres,
1554 469 1588 508 ex
1605 449 1702 526 qoilnrs
1721 449 1799 508 iseile
1810 453 1906 526 liquet,
1917 453 1967 510 lsoc
1979 453 2014 510 sd

327 562 409 610 ustus,
427 547 472 600 ltin
488 545 625 617 operosius
644 544 754 614 probare
772 560 824 597 nou
842 542 982 606 leborsbo,
1007 541 1051 594 sed
1071 557 1139 592 cnm-
1191 538 1326 592 esitsmlos
1345 537 1420 591 dolos
1437 549 1463 592 ct
1482 538 1644 591 incitandum
1665 536 1806 590 hominum
1836 539 2014 605 industrium,

325 629 417 704 pendii
435 629 523 684 studio
542 645 583 680 sne
601 627 634 680 sd
651 646 690 691 es,
707 644 773 696 quse
789 643 867 696 supro
888 625 920 678 de
936 624 1141 690 assecuratione,
1192 638 1224 674 ue
1244 619 1320 672 focile
1337 622 1454 685 credent,
1472 637 1530 674 esse
1548 622 1689 674 indultum:
1708 619 1799 674 eodem
1813 625 1870 690 jure
1883 621 2015 676 Hsmbur·

325 733 378 785 qus
394 721 541 766 constectus
560 714 612 774 sit,
632 711 741 764 edducts
768 727 808 760 me
827 707 924 762 reieru.
949 705 1046 760 Eodem
1072 707 1142 760 enirn
1191 719 1285 772 gentes
1304 704 1443 756 stututsrio
1460 707 1518 768 jure
1537 720 1716 774 possessorem
1735 704 1831 768 besut,
1851 706 2017 774 dequosne·

325 798 372 852 hic
388 813 453 866 quse
471 794 509 847 ibi
528 795 620 848 militet
639 793 720 848 ratio.
739 793 862 846 Boncnm
879 803 1035 846 exercentes
1055 801 1142 844 sutem
1193 790 1243 841 rito
1261 787 1332 840 istud
1351 788 1435 858 seelig
1451 791 1486 840 t'st
1506 789 1554 842 der
1572 787 1693 844 Besiteer
1711 790 1870 860 prsedicsnt.
1885 789 2015 844 Dominus

327 880 456 945 dicebam,
475 895 508 931 ne
526 879 682 934 hunclssrios
701 889 724 930 et
743 877 929 931 brocherottos
945 872 1141 940 couiooderem,
1193 873 1296 928 Metius
1306 871 1395 944 odjur
1407 873 1460 925 lob.
1472 871 1518 924 itt.
1532 874 1557 924 3.
1569 873 1608 925 tit.
1623 873 1649 923 2.
1663 883 1712 925 ure.
1728 875 1753 926 2.
1767 893 1785 926 ιι
1808 873 1851 926 tt.

326 963 464 1020 baucherii
483 963 554 1018 euim
575 979 622 1014 uso
640 963 758 1032 gentium
777 961 873 1013 slicubi
892 957 1143 1029 propriedicuntur,
1230 967 1251 1022 ς.
1269 960 1293 1012 ι.
1312 959 1349 1012 ιιι
1367 959 1471 1010 ιιιιιιιι
1490 958 1561 1010 unde
1580 958 1727 1027 digressos:
1744 957 1808 1027 quid
1828 957 1851 1010 si
1864 966 1950 1011 entem
1963 957 2014 1010 eli·

326 1052 373 1122 qui
392 1049 553 1121 depositioni
572 1065 649 1117 rupes
673 1045 812 1098 recensitse
836 1055 863 1096 et
879 1044 964 1112 qoslis
981 1053 1022 1095 est
1045 1043 1074 1094 iu
1096 1043 1145 1098 boc
1194 1041 1254 1110 quis
1272 1042 1409 1109 deponens
1428 1040 1576 1094 schedulsm
1596 1043 1637 1094 sel
1655 1042 1758 1109 siguum
1776 1041 1846 1110 quod
1871 1060 1886 1094 ι
1904 1037 2017 1094 benebc-

329 1145 420 1188 uostro
438 1142 582 1194 contricio,
602 1131 758 1190 inserviunt,
780 1127 945 1180 bsncberntti
963 1143 1033 1191 sero,
1045 1126 1091 1196 qui
1105 1144 1146 1195 pe
1194 1126 1235 1180 rio
1253 1125 1281 1176 in
1298 1122 1380 1178 iidem
1399 1124 1532 1195 depositse
1554 1126 1681 1193 pecuniae
1698 1122 1835 1192 receperit,
1854 1123 1956 1194 perdet,
1970 1139 2016 1176 nu·

328 1220 432 1272 ennium
453 1215 558 1283 majoris
577 1224 695 1265 monetse
709 1227 766 1264 num
780 1212 897 1264 nummis
910 1211 1017 1263 minutis
1030 1213 1142 1265 seleon·
1196 1225 1256 1261 mne
1274 1208 1428 1260 buncbsrins
1448 1217 1533 1258 temen
1551 1207 1682 1276 obligetur
1700 1207 1752 1259 erit
1770 1207 1858 1260 eidem
1878 1207 2018 1260 restituere

331 1314 386 1368 trs,
406 1308 510 1352 morunt
528 1307 573 1350 snt
591 1304 702 1360 emunt,
719 1295 760 1347 rel
787 1295 916 1356 rendunt,
945 1301 1011 1344 teste
1039 1293 1144 1362 sigism.
1196 1289 1352 1362 pecuniam?
1369 1293 1398 1348 st
1420 1293 1555 1361 deponens
1574 1289 1683 1344 sliunde
1706 1306 1842 1360 personum
1861 1307 1935 1342 susos
1952 1292 2017 1360 legi·

331 1385 436 1441 Sebscn.
454 1381 488 1436 de
508 1397 649 1434 comonerc.
665 1397 692 1450 p.
707 1397 743 1430 m.
764 1379 806 1429 ιι.
822 1394 848 1428 ιι.
862 1376 905 1428 24.
919 1376 960 1428 26.
972 1387 998 1429 et
1008 1392 1079 1447 seqq.
1092 1377 1146 1429 Ubi
1197 1377 1290 1430 timere
1310 1377 1408 1445 possit,
1426 1385 1451 1429 et
1470 1386 1541 1427 csset
1566 1375 1758 1438 instrumento,
1787 1375 1827 1426 rel
1851 1371 1902 1428 slis
1927 1375 2018 1445 quaeis

328 1469 447 1540 exemplu
466 1465 584 1520 selduxit.
603 1465 770 1516 Solemus'ter
786 1460 919 1521 dicebsm,
937 1459 1007 1529 quod
1031 1477 1146 1531 quaeque
1196 1461 1296 1516 rstione
1313 1458 1454 1512 bsoclssrio
1472 1461 1505 1512 de
1530 1457 1686 1522 securitate,
1712 1458 1850 1528 pecnnism
1874 1459 2018 1516 restituen-

329 1551 410 1605 bsucs
427 1559 499 1602 certe
517 1565 562 1602 sos
583 1548 707 1616 requisita
726 1545 834 1611 bobert,
853 1543 993 1598 secuudum
1020 1562 1084 1613 quse
1102 1547 1134 1598 de
1195 1547 1254 1598 dum
1274 1558 1405 1616 putorem,
1423 1545 1463 1598 uti
1482 1558 1582 1596 meeum
1602 1543 1657 1598 lere
1673 1543 1792 1612 ejtssdem
1810 1543 1957 1598 constentino
1975 1552 2017 1598 est

328 1636 423 1705 positio
440 1645 466 1688 et
485 1635 601 1702 receptio
621 1631 747 1700 pecunise
765 1626 823 1681 lieri
844 1630 924 1692 solet,
941 1629 1054 1697 qualiter
1073 1631 1146 1684 ordi·
1197 1632 1306 1700 sigism.
1325 1628 1428 1684 Senecio
1448 1629 1481 1683 de
1499 1646 1597 1682 corum.
1614 1645 1644 1698 p.
1663 1645 1698 1679 m.
1719 1626 1780 1678 38ι.
1800 1645 1827 1678 ιι.
1840 1625 1903 1677 tttt.
1915 1627 2017 1684 ilerum

330 1721 451 1774 ustiones
470 1719 596 1786 cujusque
615 1715 665 1766 loci
685 1712 815 1767 tetemet.
834 1713 981 1780 lismborgi
1003 1716 1146 1770 modusde-
1197 1717 1217 1768 si
1239 1715 1294 1785 plus
1313 1711 1381 1766 iorte
1401 1716 1535 1782 deponens
1553 1729 1631 1782 qurum
1653 1710 1773 1779 deposuit
1787 1710 1867 1763 slicui
1879 1711 1963 1776 cedet,
1977 1713 2019 1768 ιιι

329 1804 445 1876 ponendi
464 1805 493 1857 irs
514 1801 605 1854 ordio.
622 1817 695 1869 supr.
713 1800 775 1851 dice.
791 1807 841 1849 ort.
860 1797 885 1847 2.
904 1813 987 1868 usque
1000 1798 1037 1851 cd
1050 1800 1092 1850 20.
1106 1800 1147 1852 de·
1198 1801 1239 1853 ιιιι
1258 1799 1315 1868 ipse
1334 1815 1366 1852 es
1386 1799 1476 1852 erdem
1496 1798 1617 1851 schedula
1638 1798 1664 1849 in
1683 1791 1763 1847 fidem
1777 1813 1791 1846 ι
1805 1795 2018 1852 ιιιιιιιιιιίοιιιιι

328 1890 450 1960 scriptus,
474 1886 618 1957 recipiendi
639 1903 699 1941 sero
717 1894 768 1938 art.
789 1884 814 1936 ³.
833 1883 877 1934 23.
895 1891 921 1936 et
936 1882 980 1934 2ι.
998 1883 1074 1956 Apud
1093 1887 1146 1940 tto·
1197 1883 1304 1953 exiget?
1324 1883 1470 1936 Arbitrsrie
1481 1881 1642 1952 puniendum
1656 1880 1777 1932 ducerem
1791 1877 1870 1932 iidem
1886 1871 2019 1950 publicem

330 1989 421 2024 menos
440 1971 584 2022 messenios
600 1969 680 2021 etism
700 1965 751 2020 lscc
768 1962 831 2030 fine,
850 1967 925 2019 sicuti
944 1968 995 2034 jum
1011 1985 1089 2036 suprs
1103 1969 1145 2020 di·
1197 1966 1394 2030 lebeisrturum,
1412 1967 1453 2018 rel
1471 1965 1614 2019 secundum
1636 1965 1814 2018 ordinationes
1833 1969 2021 2036 cuinsqoeloci

326 2069 405 2120 etum,
425 2054 600 2126 deponebatur
618 2053 747 2122 pecunie,
765 2053 809 2106 sel
828 2069 859 2104 eo
878 2051 949 2116 ritu,
968 2063 996 2103 ot
1014 2053 1147 2121 deposim-
1199 2051 1360 2106 msctsndusu
1381 2067 1481 2120 pocus,
1500 2050 1580 2101 veluti
1601 2047 1746 2116 llsmborgi
1766 2050 1794 2100 in
1813 2061 1914 2104 centnm
1934 2051 2022 2122 singu·

328 2156 372 2193 ros
391 2147 492 2190 cureret
511 2139 650 2191 trsnseribi
671 2138 698 2188 iu
718 2135 833 2190 codicem
854 2133 982 2187 rationum
1002 2138 1147 2189 nomionis·
1197 2139 1245 2200 los,
1263 2150 1329 2204 qous
1347 2133 1461 2186 nimium
1481 2134 1570 2197 cessit,
1589 2144 1640 2186 tres
1659 2151 1761 2187 merces
1780 2134 1863 2188 bauco
1875 2136 2023 2204 persolvere

328 2223 377 2276 rii.
396 2223 558 2292 lieccpturoe
576 2231 662 2276 sutem
684 2219 791 2274 csrcbut
813 2217 944 2288 scripturo
970 2233 1061 2268 msnus
1086 2234 1147 2288 pro·
1199 2221 1362 2274 ttsmusudus
1380 2219 1514 2289 est,quo‹l
1532 2229 1659 2286 quantum
1683 2219 1749 2272 milti
1770 2229 1870 2272 constst
1888 2219 2021 2273 usuibsn·

327 2305 400 2376 prise
419 2323 548 2359 summsm
568 2323 634 2374 quse
652 2313 708 2357 erut
727 2301 902 2356 numerantis.
929 2301 999 2352 Hinc
1023 2302 1146 2354 solemnit
1196 2307 1356 2368 citeriorum,
1373 2305 1411 2358 vel
1428 2305 1473 2374 qssi
1495 2305 1532 2356 ibi
1551 2319 1657 2372 operum
1676 2313 1777 2368 nerent,
1790 2303 1868 2357 cedit.
1890 2301 2022 2358 Praetereo

328 2385 409 2441 erosit
427 2387 566 2442 distinctio
585 2390 692 2452 iisdem,
712 2405 745 2440 sn
764 2405 795 2440 ex
808 2403 876 2450 erce,
889 2387 1062 2455 suscriptum
1076 2404 1146 2440 ruen-
1199 2391 1227 2441 in
1246 2387 1355 2442 dubium
1375 2398 1494 2439 uocatum
1516 2389 1655 2454 recordor,
1674 2404 1735 2438 nunt
1754 2389 1811 2455 jure
1830 2388 1857 2439 lsi
1884 2385 2023 2440 baucherii

328 2486 371 2523 sse
389 2469 527 2535 solverint
546 2473 693 2544 scriptume
712 2484 799 2524 cutem
819 2469 992 2536 metonymice
1016 2488 1064 2539 pro
1091 2473 1146 2540 ipss
1198 2493 1245 2544 pro
1265 2470 1377 2527 custodis
1402 2474 1544 2542 quicquum
1574 2471 1692 2542 recipere
1717 2470 1834 2526 rslesoti
1858 2471 1911 2541 Ego
1936 2472 2024 2526 nullus

328 2555 497 2628 usurpatione
516 2557 693 2624 habebuntur,
713 2570 789 2628 prout
808 2555 861 2609 lere
878 2554 968 2608 eudem
996 2555 1075 2610 modo
1099 2555 1149 2608 ltoc
1198 2558 1356 2622 dnbitsrem,
1376 2577 1433 2610 cnm
1448 2565 1595 2610 contrictos
1611 2555 1654 2608 hie
1672 2554 1700 2608 io
1721 2571 1751 2608 eu
1768 2576 1782 2609 ι
1802 2567 1893 2609 ustors
1905 2554 2022 2625 depositi

327 2639 418 2694 innuit
436 2639 709 2695 salmantinum.
728 2658 753 2707 p.
767 2641 830 2692 itt.
1198 2641 1326 2710 regularis
1344 2639 1459 2694 secedet:
1480 2655 1563 2710 neque
1582 2639 1645 2692 uliss
1663 2639 1787 2708 quicquid
1806 2637 1960 2706 gesturum,
1975 2655 2023 2692 sue

364 2729 387 2785 ς.
406 2721 431 2775 ι.
452 2723 588 2778 Caeterum
610 2727 690 2778 beucs
711 2725 749 2779 rel
768 2723 871 2793 publice
890 2723 929 2775 rel
949 2722 1048 2793 priests
1074 2732 1148 2786 sunl,
1202 2735 1292 2780 occurs
1312 2725 1479 2778 ltunorsrinm
1500 2723 1610 2793 respuit.
1628 2741 1686 2793 urg.
1704 2719 1916 2790 liiffimond·
1932 2723 1968 2775 ιιι
1985 2733 2023 2774 ιι·

328 2807 443 2875 publico,
460 2826 524 2876 quse
544 2811 712 2878 megistrstus
729 2810 886 2862 cucloritstc
905 2809 932 2860 in
947 2807 1148 2880 negotiationum
1200 2829 1289 2873 ceum,
1309 2811 1336 2862 in
1358 2809 1489 2878 plerisque
1508 2809 1673 2878 publicorum
1694 2808 1838 2860 bunuorum
1855 2806 2025 2862 orttuutoot,

328 2897 493 2948 commodum
514 2897 661 2961 coustituit,
680 2904 707 2948 et
724 2895 783 2948 ideo
801 2912 859 2948 cum
879 2896 1010 2964 republica
1026 2911 1073 2965 pro
1086 2893 1151 2962 ipsis
1199 2896 1247 2946 bus
1268 2894 1331 2947 sutis
1350 2903 1453 2946 cststssm
1469 2893 1592 2962 reperiri,
1604 2903 1730 2962 qrsuotsm
1742 2907 1851 2960 opernm
1864 2891 2025 2948 uocantibus

328 2975 419 3029 boncis
436 2978 572 3046 obligatus,
593 2981 625 3032 de
643 2999 695 3050 qno
715 2980 866 3046 blsrqusrd.
878 2979 942 3050 jam
965 2976 988 3027 d.
1002 2977 1022 3028 l.
1038 2995 1068 3044 p.
1087 2977 1149 3026 316.
1200 2978 1299 3029 ibidem
1319 2975 1538 3046 persolventium.
1557 2975 1613 3046 Ego
1631 2993 1691 3030 reru
1708 2977 1777 3046 quod
1795 2974 1894 3026 dictum
1923 2975 2025 3048 simpli·

329 3081 357 3115 ιι.
378 3059 422 3114 li.
447 3063 539 3131 Qualis
560 3064 700 3117 celebriore
731 3065 826 3115 llomec
846 3078 866 3112 s.
889 3060 1025 3130 Spiritus,
1043 3059 1151 3116 Genuue
1197 3067 1265 3118 citer
1286 3063 1430 3116 mercedem
1451 3082 1499 3133 pro
1517 3080 1597 3134 opere
1616 3071 1643 3114 et
1660 3061 1776 3116 custodis
1803 3063 1940 3130 intelligo,
1963 3080 2024 3118 cum

330 3161 350 3197 s.
369 3143 488 3214 Georgii,
507 3147 652 3216 dequibus
673 3145 788 3215 lispbscl
806 3145 837 3196 de
856 3145 934 3197 ἰιι-ι.
953 3148 985 3199 de
1004 3147 1090 3199 camb.
1111 3148 1148 3200 di·
1200 3150 1299 3202 nullius
1317 3145 1393 3200 dubii
1414 3147 1530 3202 futurum
1550 3147 1719 3213 crediderim,
1738 3149 1839 3217 siquis
1859 3151 1898 3202 sel
1919 3148 1947 3202 in
1963 3149 2024 3202 ben·

328 3241 368 3298 rp,
386 3229 412 3280 2.
434 3249 459 3299 q.
480 3232 523 3281 12.
544 3250 570 3282 n.
591 3230 635 3285 ιι.
654 3241 680 3285 ιι
699 3231 741 3282 tt.
762 3242 789 3284 nt
810 3243 906 3285 toccum
926 3230 1018 3296 deiis,
1037 3250 1147 3303 quornm
1198 3252 1229 3286 co
1247 3233 1392 3304 enticipsro
1421 3237 1459 3288 rel
1477 3235 1604 3303 gresioris
1631 3233 1708 3302 pretii
1736 3241 1853 3304 monetes
1879 3233 1933 3299 iis,
1959 3251 2027 3303 ques

329 3313 383 3378 jorn
403 3331 480 3382 snprs
501 3311 551 3366 ieci
572 3315 740 3368 mentionem.
761 3317 864 3371 Prirste
884 3334 954 3381 sero,
976 3317 1148 3384 quoodopri·
1197 3319 1360 3387 deposuerit,
1380 3331 1498 3388 repetere
1516 3319 1621 3386 cupiet,
1637 3316 1702 3388 quin
1726 3316 1755 3368 in
1781 3318 2027 3386 compensetionem

330 3397 381 3451 reti
401 3411 555 3454 mercstnres
580 3399 696 3453 eamdem
723 3397 803 3453 iidem
828 3402 984 3468 promittunt
1008 3410 1035 3452 et
1059 3402 1150 3457 ecdem
1200 3406 1328 3456 interesse
1345 3414 1372 3456 et
1396 3402 1475 3473 pretii
1501 3401 1630 3471 gratioris
1654 3400 1808 3469 repetendi,
1833 3401 1942 3472 insuper
1970 3405 2027 3476 ipsi

329 3475 384 3533 fine
403 3485 536 3554 rccipiunt
554 3485 689 3555 pecunius.
707 3483 824 3554 Uterque
843 3485 942 3554 species
957 3501 1085 3538 uersrsroe
1098 3504 1152 3540 rno-
1199 3487 1281 3540 bsnco
1299 3487 1362 3556 quiid
1383 3488 1531 3556 persolvere
1551 3495 1680 3540 tenesturs
1699 3487 1776 3538 sicuti
1802 3487 1848 3539 bic
1872 3492 1952 3543 modo
1974 3501 2025 3544 ure.

330 3563 379 3618 rius
397 3578 473 3634 esset,
491 3585 550 3621 com
569 3568 628 3620 ideo
648 3567 795 3632 institutae,
818 3578 847 3620 ot
864 3585 979 3622 uersum
992 3569 1152 3624 commodior
1201 3571 1242 3624 2ι.
1264 3571 1288 3622 d
1308 3572 1400 3642 crelin.
1425 3572 1504 3624 douc.
1530 3571 1682 3642 Homburff.
1705 3571 1824 3635 decidit,
1849 3583 1874 3626 et
1901 3576 2025 3644 pluribus·

331 3659 357 3703 ct
374 3651 498 3704 utilitatis
520 3653 630 3704 multum
656 3653 683 3704 in
703 3652 890 3704 contrahentes
907 3660 935 3702 et
954 3651 1062 3705 brucum
1082 3669 1153 3706 esen
1203 3653 1307 3706 Smccis
1324 3652 1353 3705 d.
1370 3654 1390 3707 l.
1408 3653 1442 3707 de
1458 3671 1557 3710 comm.
1572 3674 1599 3727 p.
1618 3673 1654 3708 ns·
1676 3657 1737 3708 160.
1755 3675 1782 3710 ιι.
1802 3659 1827 3710 tt.
1847 3669 1873 3712 et
1889 3676 1965 3731 seqq.
1977 3663 2027 3716 lle·

331 3741 420 3786 centes
438 3735 581 3790 redundet.
599 3735 687 3802 lllsgis
706 3745 792 3786 tsmeu
819 3733 926 3804 publico
949 3751 1026 3802 quum
1052 3735 1153 3802 prirsls
1201 3739 1301 3806 liqunm
1321 3740 1446 3808 quonism
1465 3750 1614 3794 contrectns
1641 3741 1686 3794 ltin
1710 3745 1862 3798 uemiortns
1886 3747 2030 3815 peculisris

331 3819 464 3888 intelligo.
482 3818 671 3890 Depositiom's
688 3819 797 3871 nomine
814 3828 900 3870 sotem
927 3817 956 3870 iu
983 3817 1034 3870 boc
1056 3829 1154 3871 eontrs·
1202 3835 1250 3889 est,
1270 3825 1427 3876 numiustsm
1448 3842 1548 3892 quorpue
1566 3824 1690 3893 producit
1706 3828 1846 3892 sotionem,
1863 3847 1930 3898 quse
1953 3831 2025 3886 notio

333 3910 376 3953 ctu
394 3920 445 3954 nun
465 3901 580 3973 praecise
599 3903 734 3972 peculiare
762 3903 951 3956 morosioribus
975 3903 1091 3956 solemne
1109 3904 1153 3956 de·
1203 3907 1338 3962 beneorin
1357 3909 1412 3960 dici
1431 3909 1505 3970 solet,
1523 3909 1675 3978 etquidem
1696 3927 1757 3964 curo
1775 3914 1913 3983 utriusque
1924 3928 2029 3969 mutes·

335 3985 447 4054 positum
467 3987 594 4056 intelligo,
613 4005 665 4055 qno
684 3987 705 4038 si
726 3983 790 4037 l'orte
802 3985 861 4054 quis
875 3997 960 4054 egeret
972 3986 1079 4054 pecnuis
1092 4004 1155 4041 ver·-
1203 3992 1292 4044 bentis
1318 3989 1416 4044 iectum
1445 4003 1578 4056 versetur,
1607 3993 1688 4048 benco
1714 3995 1766 4065 ipsi
1794 4001 1833 4050 eet
1858 3997 2027 4068 depoeimtt,

333 4085 425 4125 suram
444 4070 557 4126 lecturos
571 4071 720 4124 schedulsm
739 4070 770 4122 ιιΙ
791 4069 950 4121 mensurium
972 4069 1063 4133 mittit,
1077 4080 1101 4122 et
1113 4086 1154 4122 ro·
1204 4095 1252 4148 pm
1270 4075 1373 4129 diverso
1391 4087 1510 4145 respectu
1527 4078 1687 4141 conceditur,
1699 4079 1764 4135 odeo
1780 4091 1810 4134 us
1829 4083 1936 4134 nomin,
1950 4082 2030 4136 bmp.

296 4177 298 4182 ·
334 4165 376 4224 pst
392 4157 569 4225 provisionem
589 4157 618 4206 in
643 4155 776 4226 proximis
806 4152 932 4206 nundinis
957 4152 1038 4204 6000.
1063 4153 1155 4205 solidis
1204 4173 1312 4222 icturus,
1333 4157 1425 4228 probet
1445 4161 1467 4212 l.
1486 4158 1658 4228 deponentem
1670 4163 1703 4215 de
1722 4163 1877 4233 deponendo
1892 4167 2029 4218 convenis·

334 4241 428 4294 solutis
446 4243 474 4294 iu
494 4241 660 4312 depositum,
680 4258 727 4310 pro
747 4241 847 4292 duobus
865 4238 994 4292 nundinis
1014 4237 1062 4289 sub
1088 4248 1156 4291 eerts
1204 4261 1239 4296 30,
1258 4244 1282 4294 ι,
1303 4238 1451 4300 mercedem
1470 4243 1572 4296 sotium
1592 4244 1758 4313 promisisse,
1775 4246 1801 4298 3,
1819 4246 1860 4298 „t
1884 4247 1953 4316 qma
1979 4264 2029 4316 pm

335 4323 456 4377 mercede
474 4342 522 4392 pro
540 4343 587 4377 usu
607 4325 644 4376 rel
662 4332 778 4394 quaestm
797 4322 945 4392 exemplum
960 4321 1109 4388 hujusmodi
1124 4338 1157 4372 ex
1204 4328 1289 4378 lubitu
1308 4337 1425 4396 repetere
1443 4327 1537 4394 possit,
1555 4324 1728 4394 deponentem
1749 4343 1912 4390 reserrssse,
1938 4329 1978 4381 rel
1995 4330 2029 4382 ιιι

336 4407 505 4461 Guiccisdin.
522 4421 548 4462 et
567 4409 654 4465 Cerol.
671 4408 769 4459 idolio.
793 4406 902 4459 exhibet
927 4405 1077 4474 lllsrqmrd.
1096 4405 1121 4458 ci.
1138 4406 1158 4456 l.
1204 4421 1302 4464 eertum
1322 4421 1426 4478 tempus
1445 4406 1544 4461 ioeoori
1560 4411 1707 4474 collocesse,
1722 4411 1836 4480 edeoqne
1850 4410 2030 4468 condemnen-

334 4508 360 4558 ρ.
380 4509 413 4543 ιιι.
432 4494 494 4545 279.
514 4514 540 4546 u.
560 4494 604 4549 23.
623 4502 648 4545 ιι
667 4493 711 4545 2ι.
730 4493 887 4560 Depositum
907 4507 969 4542 reru
992 4487 1091 4541 ibidem
1117 4486 1156 4540 di·
1205 4494 1276 4558 dum,
1294 4501 1323 4544 nt
1341 4491 1498 4563 pmmissum
1517 4493 1668 4564 sdimplest,
1688 4494 1728 4548 sel
1748 4496 1771 4549 si
1791 4512 1843 4550 ocu
1870 4497 1965 4566 possit,
1983 4497 2028 4550 io·

237 4639 240 4646 ⁴
335 4584 409 4639 cunt,
428 4588 454 4630 ut
474 4575 521 4628 suls
540 4577 611 4628 liciti
632 4577 740 4628 nornine
763 4576 949 4627 exuberentem
976 4571 1045 4625 sorte
1073 4582 1156 4640 tegent
1205 4594 1281 4647 super
1300 4577 1395 4640 henco,
1412 4574 1480 4644 quod
1502 4575 1572 4630 lone
1591 4593 1622 4632 ec
1641 4577 1742 4630 intuito
1768 4578 1831 4632 eliis
1856 4579 1936 4632 scirit
1958 4581 2030 4650 qued

336 4667 481 4723 qosestum.
500 4660 570 4710 tinio
588 4659 698 4728 depositi
718 4660 808 4726 generi
826 4655 933 4727 quidem
952 4655 1034 4726 sliqui
1053 4658 1159 4728 privile·
1205 4664 1268 4714 ulios
1286 4664 1433 4715 soluturum
1452 4675 1505 4712 uon
1526 4658 1626 4724 luisset,
1645 4660 1686 4714 rel
1703 4661 1829 4714 ulteriori
1842 4678 2026 4719 uersurcere·

337 4741 381 4807 pis
399 4741 512 4809 depositi
533 4743 659 4810 regularis
680 4742 810 4805 tribuunt,
829 4761 852 4792 ι.
865 4757 890 4808 g.
909 4751 935 4792 ut
953 4750 1044 4792 estsus
1059 4740 1158 4810 pesele·
1206 4755 1340 4804 serrssset,
1360 4753 1471 4814 prsestet
1491 4741 1618 4798 interesse
1635 4742 1809 4811 probsnrlum.
1829 4741 1926 4800 Goutrs
1946 4745 2029 4816 depe·

336 4831 413 4875 retur
429 4823 552 4876 omnibus
571 4825 600 4875 iu
619 4839 759 4884 concussere
779 4821 822 4875 sed
841 4820 956 4890 sequius,
973 4823 1097 4890 quonism
1117 4842 1158 4875 ce·
1208 4843 1271 4879 nens
1290 4825 1380 4878 eodem
1401 4828 1488 4880 murlo.
1507 4829 1532 4878 1.
1556 4825 1654 4878 Probet
1671 4837 1840 4881 contrectum.
1860 4827 1886 4881 2.
1908 4828 2032 4897 Quslitee

340 4908 397 4962 rios
416 4907 443 4958 lu
463 4919 578 4959 notorum
599 4907 682 4959 nrutui
701 4905 803 4969 transit,
822 4922 900 4974 quem
920 4905 1036 4958 indolem
1056 4905 1159 4975 deposi-
1207 4909 1240 4961 de
1258 4907 1399 4980 repetendo
1418 4909 1581 4964 convenerit.
1601 4911 1626 4962 ³·
1646 4911 1680 4964 Se
1700 4911 1853 4982 implevisse
1867 4931 1880 4964 s
1895 4930 1940 4965 ιιι
1955 4925 2032 4982 perte

342 4993 363 5043 tt
383 4991 507 5059 regularis
520 4993 622 5054 retinet,
638 4991 686 5043 ison
699 4989 867 5060 privilegium
880 4992 1058 5060 denegontium
1073 4991 1161 5044 cred.
1209 4995 1377 5062 promissum,
1396 4993 1511 5064 stieoque
1530 5011 1638 5064 rogere,
1657 5005 1686 5049 ut
1705 4993 1832 5048 bsncbum
1858 5013 1890 5050 es
1917 5011 2034 5050 nouren-v

342 5075 415 5128 Alios
435 5074 481 5126 ltsc
499 5078 633 5129 occisione
653 5093 704 5129 uon
724 5076 942 5146 prsetereundum
956 5077 1109 5147 puto,quod
1122 5079 1161 5144 io·
1210 5079 1281 5130 tione
1298 5077 1445 5141 dsmnetur,
1464 5089 1490 5132 et
1509 5079 1530 5130 si
1551 5079 1578 5131 in
1598 5096 1682 5141 more,
1696 5079 1778 5133 sulrst
1792 5080 1926 5134 interesse
1943 5083 2029 5152 Qme·

342 5175 371 5212 rc
388 5159 521 5213 lubecensi
540 5167 566 5211 et
585 5155 769 5226 hornburgensi
789 5157 817 5209 iu
836 5157 954 5226 deposito
967 5160 1099 5228 peculisre
1112 5170 1161 5211 ιιι·
1208 5175 1318 5228 cumque
1335 5169 1422 5212 sutem
1440 5175 1472 5212 es
1489 5159 1601 5226 slicnjns
1619 5161 1950 5215 contrectusnoosensuslis
1967 5163 2034 5230 juris

342 5251 435 5309 tutetur
454 5253 482 5297 ut
501 5242 522 5296 si
543 5261 565 5295 ι.
584 5260 609 5312 g.
628 5241 705 5310 Cujus
723 5241 791 5312 spod
811 5243 900 5308 Seium
920 5241 1018 5310 sliqnot
1032 5245 1160 5297 mercium
1208 5243 1328 5312 gentium
1347 5250 1439 5295 nstnrs
1458 5241 1623 5313 prsestends,
1640 5260 1670 5296 es
1697 5260 1803 5313 quoque
1828 5245 1877 5300 boc
1901 5247 1959 5301 loco
1989 5263 2030 5301 re·

342 5326 428 5383 bollss
446 5330 512 5381 bonu
531 5324 584 5380 lide
602 5327 740 5398 deponet,
757 5327 798 5379 rel
817 5326 887 5380 eliud
913 5325 977 5398 qnid
1001 5327 1161 5392 commodet,
1210 5327 1295 5389 uiuut,
1314 5335 1338 5376 nt
1358 5343 1410 5378 troo
1429 5343 1507 5395 posse
1526 5337 1585 5396 post
1599 5328 1798 5382 consentionem
1813 5329 1957 5400 poenitere,
1969 5347 2035 5385 cun·

344 5411 419 5474 Seius
437 5427 498 5464 sero
516 5427 574 5464 sere
595 5411 681 5463 sileno
699 5425 820 5480 pressus,
838 5410 876 5462 sel
895 5408 1006 5476 tendet,
1025 5411 1063 5462 rel
1085 5411 1165 5479 hypo·
1211 5421 1251 5460 ets
1270 5423 1302 5459 ex
1321 5407 1386 5461 bons
1407 5405 1460 5462 lide
1477 5426 1576 5479 gerere,
1595 5420 1620 5465 et
1638 5410 1747 5466 similis.
1765 5413 1875 5484 Insuper
1895 5431 1949 5468 esm
1971 5415 2035 5470 best·

345 5493 435 5548 titecse
452 5497 551 5564 obliget
568 5497 624 5559 elii,
644 5493 707 5562 Ceio
724 5512 774 5547 non
793 5492 872 5547 detur
891 5493 929 5546 rei
945 5493 1163 5565 sintlicstiomrg.
1211 5491 1314 5544 cltsrios
1333 5493 1436 5562 culpem
1456 5507 1584 5565 proestare
1611 5508 1672 5566 puto
1696 5513 1729 5548 ex
1752 5507 1844 5551 ustore
1871 5510 2039 5566 conteretur,-

346 5577 365 5631 ι.
383 5579 426 5631 23.
444 5596 466 5631 ι.
478 5581 505 5633 ιι.
523 5597 545 5632 r.
558 5599 580 5634 u.
599 5583 643 5633 sed
657 5581 755 5650 potiore
770 5581 829 5648 jors
844 5577 986 5648 possessori
1003 5578 1165 5631 tribuuntur.
1213 5577 1316 5646 quobus
1337 5575 1489 5648 depositarii
1508 5581 1536 5630 in
1554 5581 1647 5650 qrsotis
1666 5578 1794 5650 deposito,
1813 5599 1892 5654 seque
1905 5585 1975 5636 euim
1990 5581 2035 5635 de·

346 5663 534 5718 obicionem
557 5667 622 5734 juris
640 5666 787 5722 lubecensis
804 5665 844 5719 tit.
866 5669 928 5720 Vnst
944 5666 1086 5732 gelehrteu
1108 5663 1168 5719 Get.
1214 5679 1315 5733 ponens
1335 5657 1415 5717 iidem
1435 5663 1553 5734 ipsorum
1575 5666 1705 5737 seqnitur,
1725 5667 1779 5720 imo
1800 5653 1898 5738 cespis,
1923 5668 1983 5738 quis
2004 5687 2038 5722 es

348 5749 389 5820 sle,
410 5758 462 5803 ert.
482 5751 507 5801 1.
525 5761 551 5804 et
571 5751 593 5802 2
613 5749 684 5807 lsisce
705 5753 790 5811 serbis
809 5741 970 5822 conceptum:
987 5751 1067 5804 versu
1083 5747 1170 5810 Hercei
1217 5743 1273 5804 fide
1288 5747 1390 5822 publice
1410 5759 1481 5820 suut,
1497 5769 1575 5824 quern
1591 5750 1747 5826 depositorii
1773 5752 1801 5808 in
1821 5754 1937 5826 quolibet
1951 5756 2031 5827 depo
