4374 6216
435 395 897 516 uuuuuuutu
933 395 1264 513 uutcuts
1301 393 1735 516 deturpatus

635 702 1022 785 LECTORI
1071 703 1533 789 BENEVOLO

1005 871 1164 928 suun

849 1005 1321 1078 BlBLlOPOLAE.

924 1327 1257 1376 -ηᾙῂ-ἰ-ν

263 1686 546 1827 Selectiorum
568 1771 615 1824 ex
637 1744 724 1852 jure
746 1759 916 1850 utroque
936 1735 1271 1848 Disputatiouum
1301 1741 1505 1828 volumina
1535 1741 1641 1854 typis
1668 1741 1915 1824 mandatoris

264 1887 285 1937 e
316 1888 356 1942 re
387 1862 516 1940 visum
546 1855 645 1964 fuit,
673 1885 807 1940 causas
836 1854 908 1938 tibi
939 1851 1131 1962 allegare,
1159 1883 1260 1968 quae
1290 1881 1510 1942 moverunt
1537 1887 1627 1963 nos,
1648 1879 1694 1938 ut
1714 1887 1757 1940 ea
1778 1857 1915 1942 edere-

267 2003 364 2057 mus.
396 1970 585 2078 Scilicet,
613 2001 708 2055 cum
736 1971 776 2052 in
810 1992 1067 2080 conspectum
1097 1990 1212 2050 tuum
1240 1971 1430 2058 hactenus
1450 1970 1682 2057 dederimus
1712 1973 1911 2084 egregios,

263 2089 407 2199 egregii
437 2111 477 2172 et
506 2087 558 2170 ad
590 2088 762 2172 maxima
794 2087 876 2167 nati
905 2083 1078 2191 ingenii,
1106 2105 1189 2182 tam
1218 2117 1266 2170 ex
1296 2088 1459 2202 publico
1491 2118 1611 2204 quam
1648 2083 1797 2171 feudali
1825 2089 1917 2200 jure,

264 2201 413 2314 foetus,
435 2231 541 2286 nunc
564 2231 710 2286 novam
730 2200 800 2283 abs
830 2223 868 2283 te
897 2199 1051 2310 capturi
1084 2197 1428 2312 benevolentiam,
1457 2206 1640 2288 materias
1667 2233 1716 2288 ex
1744 2225 1915 2316 utroque

266 2321 350 2420 iure
370 2318 587 2402 elaboratas
606 2316 970 2420 communicamus,
994 2315 1089 2420 rati,
1111 2316 1310 2425 ejusmodi
1332 2351 1403 2402 nos
1423 2350 1529 2402 sacra
1551 2348 1668 2431 opera
1696 2342 1737 2400 et
1767 2316 1914 2401 multo·

266 2463 356 2516 rum
372 2435 651 2540 desideriis,et
671 2461 811 2516 eorum
835 2431 1068 2543 praecipue,
1089 2429 1236 2544 quibus
1256 2437 1387 2518 studia
1409 2433 1505 2518 haec
1525 2433 1636 2516 cordi
1658 2432 1789 2516 adhuc
1802 2456 1913 2538 sunt,

263 2573 330 2630 aut
352 2549 451 2632 olim
478 2547 663 2655 fuerunt,
683 2544 910 2630 commodis
930 2575 1009 2628 esse
1031 2543 1305 2634 satisfacturos.
1327 2551 1422 2636 Non
1436 2549 1736 2633 dissimulamus
1755 2547 1916 2660 applau-

262 2691 371 2771 sum,
392 2694 513 2780 qnem
537 2664 687 2774 experti
707 2691 842 2744 sumus
864 2663 906 2743 in
927 2658 1044 2742 editis
1064 2659 1183 2770 hujus
1212 2667 1383 2748 auctoris
1412 2665 1532 2750 variis
1555 2663 1721 2748 eruditis
1740 2661 1914 2772 scriptis,

262 2779 478 2892 crebraque
506 2779 556 2861 de
584 2774 855 2890 praesentibus
884 2774 1240 2860 Dissertationibus
1259 2777 1477 2885 desideria,
1506 2800 1551 2860 ut
1578 2774 1735 2862 facilius
1761 2799 1917 2860 consta·
1975 2829 2015 2878 χ

263 2917 342 3000 ret,
364 2923 486 3010 quam
515 2891 745 3004 magnifiaut
775 2887 826 2973 ab
853 2887 1065 2995 omnibus,
1087 2890 1157 3003 qui
1184 2892 1425 2978 audiverunt
1445 2891 1497 2976 de
1525 2891 1572 2974 iis
1600 2891 1765 3000 habitis,
1793 2919 1916 3006 quen-

262 3031 432 3122 tumqne
462 3006 711 3091 admirentur
742 3005 822 3112 illi,
849 3005 921 3118 qni
960 3004 1160 3116 possident
1194 3006 1363 3124 aliquas,
1397 3031 1619 3092 ceterarum
1654 3006 1915 3118 cupidissimi.

267 3123 443 3234 Singulis
464 3153 534 3206 nos
556 3121 702 3234 cupide
724 3121 983 3226 velilicaturi,
1003 3118 1215 3232 perillustr.
1238 3121 1307 3208 dn.
1334 3146 1559 3230 auctorem,
1589 3121 1664 3205 sub
1690 3125 1801 3234 cujus
1829 3152 1915 3203 aus·

264 3240 370 3348 picio
389 3263 429 3323 et
450 3240 672 3322 directione
691 3235 791 3320 olim
816 3236 856 3318 iu
877 3233 1081 3318 academia
1102 3237 1296 3322 Viadrina
1326 3239 1401 3322 hae
1422 3237 1553 3323 editae
1573 3259 1613 3321 et
1643 3235 1817 3320 mascule
1845 3235 1914 3319 de·

266 3353 394 3435 sensae
413 3377 528 3460 sunt,
548 3355 666 3436 enixe
686 3351 756 3434 diu
779 3351 1100 3460 imploravimus,
1119 3377 1166 3436 ut
1186 3381 1324 3438 earum
1342 3355 1561 3437 editionem
1588 3351 1704 3432 nobis
1733 3349 1915 3460 indulge-

263 3493 348 3574 ret,
368 3491 628 3582 uostrumque
657 3465 899 3550 inserviendi
927 3462 1139 3550 doctorum
1171 3470 1351 3552 virorum
1380 3468 1555 3580 personis
1585 3463 1792 3573 studium,
1821 3463 1915 3550 data

262 3583 408 3666 edendi
430 3583 608 3667 collectis
629 3578 903 3664 voluminibus
923 3600 1134 3689 potestate,
1154 3583 1409 3689 secundaret,
1428 3611 1473 3665 ac
1500 3579 1663 3665 tandem
1684 3579 1914 3692 impetravi·

263 3727 362 3780 mus.
383 3697 447 3782 De
468 3699 561 3810 ipsis
581 3719 715 3780 autem
737 3693 1083 3807 Disputationibus
1113 3697 1208 3780 haut
1239 3695 1530 3811 praefabimur,
1555 3725 1677 3810 opere
1707 3704 1793 3809 ipso
1822 3695 1914 3778 satis

263 3837 387 3899 semet
408 3811 568 3897 lecturis
588 3810 816 3894 ostendent:
839 3839 966 3924 neque
989 3811 1028 3892 in
1050 3808 1187 3897 laudes
1208 3813 1422 3926 perillustr.
1452 3811 1523 3898 dn.
1551 3812 1725 3896 auctoris
1751 3809 1913 3896 descen-

261 3929 426 4034 demus,
446 3927 592 4042 quibus
613 3923 898 4040 persequendis
917 3927 997 4036 apti
1018 3949 1057 4008 et
1077 3956 1192 4038 pares
1211 3959 1290 4011 non
1318 3959 1467 4015 sumus.
1498 3925 1606 4009 lllud
1635 3932 1843 4010 dumtaxat
1873 3947 1912 4008 te

264 4045 363 4128 scire
391 4043 594 4149 volumus,
615 4041 915 4152 Disputationes
945 4070 966 4121 a
997 4039 1112 4124 nobis
1141 4045 1194 4126 ita
1224 4043 1348 4128 editas
1368 4075 1470 4148 esse,
1489 4066 1536 4124 ut
1556 4042 1748 4153 singulas,
1770 4041 1840 4155 qui
1871 4069 1912 4121 o-

266 4189 378 4242 mnes
398 4160 440 4241 in
462 4159 692 4240 universum
713 4183 792 4237 non
814 4152 932 4259 velis,
952 4154 1028 4237 tibi
1059 4185 1290 4270 comparare
1311 4163 1447 4271 possis.
1479 4157 1721 4243 Curavimus
1750 4185 1913 4273 quoque

264 4275 522 4356 materiarum
544 4270 718 4353 indicem
738 4265 901 4374 confici,
922 4299 971 4352 ne
992 4270 1093 4384 quid
1114 4275 1389 4359 omitteremus
1411 4272 1624 4380 incuriosi,
1672 4272 1756 4354 uod
1782 4269 1913 4380 legen·

262 4391 366 4470 tium
398 4413 439 4473 et
472 4385 742 4472 evolventinm
776 4383 918 4468 studiis
950 4385 1038 4469 ullo
1070 4387 1192 4471 modo
1222 4415 1350 4502 posset
1382 4387 1584 4472 inservire.
1616 4301 1681 4472 fl
1711 4383 1911 4498 ejusmodi

262 4505 371 4586 enim
393 4505 522 4586 studia
547 4531 616 4584 nos
635 4529 790 4610 semper
809 4498 1005 4611 applicare
1024 4503 1156 4584 conati
1184 4533 1341 4614 sumus,
1371 4504 1605 4618 pollicentes
1635 4499 1771 4608 nobis,
1802 4523 1912 4582 tanto

262 4621 405 4732 jastius
425 4643 463 4704 et
486 4621 627 4701 rectius
648 4611 840 4722 facturos,
858 4643 939 4728 qno
960 4614 1049 4728 plns
1069 4618 1274 4703 commodi
1296 4653 1318 4706 e
1339 4645 1468 4705 nostra
1490 4617 1773 4734 qualicumque
1795 4617 1911 4700 indu-

261 4735 358 4818 stria
379 4735 419 4816 in
440 4729 639 4846 rempubl.
661 4729 876 4816 literarium
897 4729 1159 4819 redundaret:
1179 4764 1257 4850 qua
1278 4738 1430 4822 cunetis
1449 4733 1695 4847 gratificandi
1718 4735 1912 4846 prompti-

263 4850 405 4932 tudine
425 4849 589 4933 nlterius
607 4843 761 4951 oblata,
785 4869 940 4930 nosmet
960 4871 1050 4934 tuae
1071 4848 1367 4940 benevolentiae
1385 4851 1728 4938 commendamus.
1759 4851 1912 4938 Fruere

259 4971 323 5054 his
342 4962 532 5075 feliciter,
552 4987 590 5050 et
613 4959 717 5049 belle
738 4961 837 5050 vale.
