4374 6216
193 443 229 494 ιι
552 434 601 491 ac
617 427 879 490 nisantconott
899 424 1167 486 ιιιιιιιιειιιι
1188 423 1337 483 ιιιιιιιτιι
1354 443 1416 487 aee.
1723 444 1759 496 ιι

147 539 197 594 tut
205 535 397 607 prohibuerunt
410 534 507 591 deinde
523 535 668 605 principes,
680 551 716 588 ne
726 531 755 588 ia
768 529 957 587 ecclesiasticos
1003 523 1131 578 Nicotaus
1141 526 1164 576 1.
1174 520 1302 594 pontifex
1319 524 1460 578 ecclesiam
1484 530 1812 608 constantinopolitanam

175 623 238 694 guid
248 622 418 676 nummum,
432 641 458 674 η,
478 621 519 672 Η,
1036 607 1090 660 siti
1098 606 1229 675 subiicere
1241 608 1349 661 studuit.
1364 627 1390 660 n.
1406 610 1450 662 76.

144 708 283 778 Conquesti
304 705 386 757 etiam
411 715 498 758 status
520 702 628 771 imperii
643 721 677 758 ea
696 701 729 754 tle
745 705 775 756 re
802 709 865 755 sunt
883 699 956 770 apud
1004 693 1050 752 Ab
1065 710 1096 746 cc
1108 703 1228 763 tempore
1241 692 1346 746 atellam
1358 691 1494 762 synodum
1511 697 1572 751 sine
1592 705 1752 761 auctoritate
1772 726 1823 766 rua

174 801 308 846 „rarorum
318 788 468 859 pontificia,
481 807 509 840 η,
521 789 565 841 ta,
1040 779 1109 847 cogi,
1124 795 1208 846 neque
1231 776 1283 829 alii
1304 777 1508 832 controuersias
1525 785 1688 858 episcopales
1705 791 1821 864 definire

142 877 182 930 Ea
194 875 278 938 bana,
296 891 368 943 quae
387 877 425 928 ad
435 871 659 928 sustentationem
673 871 860 924 mmbtrarum
874 867 954 921 ecate-
1036 860 1189 929 permittere
1200 859 1351 913 uetuerunt.
1365 879 1392 910 n.
1406 863 1451 914 77.

170 960 228 1016 siae
238 962 275 1014 ita
287 961 402 1024 donata,
412 969 442 1012 ut
450 961 573 1028 exempla
584 959 640 1010 sint
649 973 784 1012 consensu
792 955 955 1027 principum,
1006 941 1166 1012 Pontifices,
1178 941 1389 1010 adfirmandum
1401 953 1488 998 siaiu-t
1499 949 1545 1003 sui
1560 950 1736 1022 dignitatem,
1748 971 1824 1031 pote·

172 1045 265 1097 morbo
277 1043 411 1097 immunia
428 1044 614 1109 perhibentur·
628 1061 655 1094 n.
676 1043 719 1093 43.
1040 1037 1138 1120 {imm
1152 1027 1336 1082 09034440Μῶ
1352 1027 1491 1099 99449000*
1499 1067 1506 1094 ι
1530 1051 1626 1105 eosque
1649 1039 1827 1118 investiendi,

139 1129 199 1182 lion
216 1131 301 1196 magis
314 1148 332 1182 n
347 1126 448 1182 talibus
457 1127 556 1181 tributa
573 1126 733 1196 eriguntur,
747 1139 831 1197 quam
846 1123 881 1179 ab
890 1124 956 1178 elee-
1041 1121 1186 1248 4444τέ11491
1188 1127 1233 1164 ’Μ
1246 1121 1272 1164 ‘i
1283 1126 1377 1180 '‘8¹¹''
1388 1111 1516 1164 Μ”Μῐ
1529 1116 1633 1183 ‘litters
1649 1127 1824 1186 cenaticum.

173 1231 230 1266 mos
249 1210 299 1264 nis.
315 1229 342 1264 ιι.
357 1210 400 1263 44.
1043 1213 1072 1246 ²⁸·
1127 1231 1133 1244 ·

143 1301 175 1351 ln
192 1230 375 1350 tesit'monium
389 1293 700 1366 vocmttrlutlssestssn.
715 1290 758 1343 lb·
1010 1280 1090 1346 (7⁰⁰³
1101 1289 1193 1333 400499
1206 1287 1271 1333 ⁰⁸⁸⁶
1284 1280 1324 1332 Gi
1323 1280 1444 1349 18044904
1460 1285 1524 1338 VH·
1538 1284 1768 1354 (thiatirantan
1781 1299 1809 1355 di
1821 1329 1832 1342 ·

141 1381 206 1436 Atia
218 1381 290 1434 bona
303 1397 358 1432 noa
372 1382 412 1431 ita
431 1388 561 1448 esempta
582 1374 677 1430 merita
703 1373 827 1429 oneribus
841 1371 956 1444 publicis
1040 1375 1112 1416 mum
1122 1368 1132 1429 )
1144 1379 1336 1417 consummate
1346 1382 1427 1418 nemo
1440 1383 1525 1421 ausus
1538 1373 1623 1440 est-[n.
1636 1375 1681 1426 79.

172 1464 460 1535 incitatissimam.
1005 1447 1164 1501 Auctoritas
1180 1445 1341 1516 pontificum
1362 1456 1428 1500 ante
1455 1448 1568 1517 Gregor.
1592 1455 1655 1508 Vll.
1674 1475 1732 1510 nan
1753 1461 1826 1518 ultra

141 1547 250 1603 Privati
264 1547 326 1602 licet
343 1549 416 1601 bona
427 1544 583 1618 relinquant
593 1543 719 1610 ecclesiis,
730 1542 850 1596 eximere
863 1551 955 1596 tamen
1039 1547 1073 1597 pr
1073 1529 1258 1592 ‘’imdssbss‘lb’s
1271 1547 1352 1598 imm
1366 1527 1473 1596 ''biiii''
1483 1533 1667 1600 d⁰ii⁰¹⁰l⁸¹bit¹²
1680 1538 1709 1591 in
1722 1550 1823 1614 ‘stupa-

163 1615 201 1687 'm
210 1633 316 1704 pagg„
330 1649 389 1685 ,m
399 1641 522 1702 imm·
537 1632 563 1688 g,
578 1629 622 1681 Π,
1043 1611 1147 1668 ralibus
1159 1613 1324 1680 imperatori
1336 1614 1474 1666 suberant.
1488 1631 1514 1668 ιι.
1530 1618 1574 1669 80.

139 1715 200 1768 Sunt
211 1714 390 1769 ecelesiastica
405 1715 476 1768 bana
488 1729 546 1768 non
559 1712 650 1767 tainus
668 1711 697 1765 in
712 1709 861 1782 nputttea,
875 1727 957 1782 guam
1007 1697 1060 1754 1²&
1066 1698 1171 1770 [trimi
1182 1707 1338 1762 994410144οῑ
1352 1696 1546 1764 imperatorum
1570 1707 1705 1774 cucurrit,
1723 1721 1749 1762 et
1766 1727 1828 1764 eum

171 1797 312 1852 secularia.
323 1817 353 1850 n.
366 1797 408 1850 i8.
1026 1781 1128 1850 „multa
1142 1781 1297 1837 terretisnt
1310 1785 1337 1836 in
1350 1783 1557 1850 imperatorem,
1570 1789 1677 1842 tandem
1691 1794 1828 1850 celebrata

141 1884 183 1938 tte
193 1893 298 1938 ueteres
308 1898 435 1936 canones
448 1881 529 1936 etiam
542 1880 737 1936 enunciabant.
757 1899 784 1934 ιι.
800 1880 843 1934 tc.
1042 1869 1147 1938 ’10044
1158 1868 1291 1937 sentitiis
1305 1867 1332 1920 ¹⁶7¹
1349 1885 1401 1937 9⁰⁶
1414 1867 1530 1923 dictatus
1541 1887 1606 1924 ’003
1617 1872 1709 1940 ‘diliis
1728 1879 1824 1944 italam

140 1965 177 2018 Eu
191 1965 297 2020 cm„-
306 1975 333 2018 ,ι
351 1973 438 2019 ,raum
449 1963 480 2017 ,Ἀ
489 1966 672 2020 traduxerunt
685 1965 713 2018 gn
725 1962 862 2034 fficium,
874 1980 904 2021 n,
916 1963 950 2016 ω
1037 1965 1198 2023 potestatem
1210 1969 1346 2006 summam
1357 1951 1517 2021 pontificum
1527 1957 1672 2012 stabilivit.
1684 1975 1712 2011 ιι.
1725 1961 1771 2013 81.

142 2049 207 2120 &as
217 2050 371 2115 exemplum
383 2047 568 2104 nouissimum.
580 2069 608 2100 ιι.
622 2049 665 2102 tt.
1011 2040 1063 2106 (tut
1073 2039 1189 2095 dictatus
1199 2038 1334 2090 habentur
1347 2035 1419 2105 apud
1430 2037 1583 2093 Rutunium.
1597 2060 1627 2094 n.
1640 2041 1686 2094 8².

143 2131 393 2202 blagnaponts’ficis
408 2131 520 2186 romoni
531 2135 560 2185 in
587 2132 741 2186 Germania
764 2139 884 2198 potestas
901 2140 958 2195 est,
1010 2123 1149 2178 Transitia
1174 2123 1213 2178 ad
1236 2124 1384 2176 membrum
1396 2124 1518 2190 speciale,
1528 2139 1569 2176 sc.
1578 2124 1604 2175 si
1619 2127 1647 2177 in
1660 2127 1772 2182 ecclesia
1784 2137 1827 2184 to·

148 2218 152 2228 ‘
177 2214 222 2268 sed
238 2229 298 2266 nats
321 2225 409 2280 tanta,
434 2225 464 2268 ut
487 2214 614 2287 regimini
628 2215 738 2284 publico
763 2231 792 2268 se
810 2209 960 2266 immiscere
1042 2209 1163 2262 lerenius
1175 2207 1268 2278 aliqui,
1279 2208 1416 2278 quamodo
1431 2209 1550 2271 ecclesia,
1564 2211 1605 2262 ccl
1616 2211 1730 2280 respubl.
1743 2213 1822 2268 detri-

170 2297 258 2364 posait.
278 2315 307 2350 n.
328 2297 372 2350 52
1043 2303 1164 2346 mentum
1177 2307 1273 2363 capere
1283 2292 1366 2359 possit
1378 2308 1414 2343 eu
1433 2292 1486 2343 ista
1499 2293 1684 2348 misericordia
1693 2296 1709 2350 ι’*
1719 2315 1748 2352 n.
1761 2299 1806 2350 88.

126 2377 976 2450 blultacaaceduntureideminconcordatisprincipum.n.b8.
1007 2377 1056 2428 An
1088 2377 1252 2448 religionum
1281 2375 1429 2445 pluralitas
1466 2375 1580 2430 tolerari
1606 2377 1691 2447 possit
1719 2381 1748 2434 in
1775 2399 1829 2452 rep.

140 2465 191 2516 Sed
207 2465 277 2518 ultra
290 2466 461 2534 propositum
474 2481 529 2517 nan
543 2467 728 2519 extertduntur
738 2483 777 2518 ea.
790 2481 817 2516 n.
832 2463 876 2515 bl.
1041 2483 1068 2516 n.
1081 2464 1126 2515 84.

140 2554 267 2619 Arguunt
279 2549 332 2601 hae
345 2551 518 2602 aot'somenta
537 2549 773 2613 constantiensis,
793 2567 821 2602 n.
840 2547 884 2600 bb.
1009 2551 1180 2620 Argumenta
1202 2565 1305 2616 eorum,
1328 2549 1377 2622 qui
1399 2544 1584 2619 affirmativas
1605 2561 1698 2619 partes
1723 2563 1822 2608 tenent.

150 2635 248 2687 l'aluat
259 2634 330 2687 idem
344 2633 512 2688 avisamenta
526 2634 696 2704 moguntina.
708 2651 734 2686 tt.
753 2633 797 2684 bb.
1045 2652 1075 2686 n.
1086 2635 1131 2686 85.

140 2719 269 2786 liugnam
282 2718 491 2774 emolumentum
505 2729 532 2772 et
544 2721 724 2776 levamentum
742 2735 774 2770 ec
795 2715 894 2770 intuitu
912 2733 956 2770 ae·
1009 2717 1152 2785 Allegntur
1164 2735 1216 2784 pro
1230 2718 1283 2770 hac
1300 2721 1438 2772 sententia
1459 2718 1567 2771 chbes
1590 2717 1622 2772 dc
1645 2721 1695 2773 cir.
1715 2719 1763 2789 gui
1773 2735 1827 2789 spe·

173 2802 285 2856 cedebat
300 2800 464 2855 Germaniae
473 2817 524 2874 per
534 2801 667 2854 decretum
675 2800 783 2854 consilii
790 2800 955 2854 basticensis.
1032 2801 1206 2862 ciosesotis,
1219 2799 1268 2852 sed
1280 2819 1337 2854 non
1351 2801 1406 2852 nisi
1416 2803 1476 2853 cim
1485 2802 1616 2869 periculo.
1626 2820 1652 2854 n.
1666 2802 1709 2852 80.

173 2902 198 2936 ιι.
217 2885 261 2940 b'l.
1002 2883 1141 2954 Princeps,
1151 2886 1185 2938 ad
1196 2901 1273 2953 ᾳιιιιιι
1290 2883 1431 2950 religionis
1441 2901 1506 2936 cura
1518 2895 1618 2952 spectat
1628 2885 1725 2953 omnis,
1739 2905 1822 2940 unum

142 2969 229 3024 cutia
240 2987 274 3024 ea
295 2970 403 3024 decreta
416 2989 471 3024 nan
485 2968 636 3040 infelicitstr
648 2986 698 3024 usa
710 2977 758 3022 est.
771 2985 799 3021 ιι.
810 2968 852 3022 ct.
1037 2969 1078 3024 uel
1089 2971 1206 3023 alterum
1225 2966 1423 3021 Heterodaseon
1438 2968 1556 3022 tolerare
1566 2979 1652 3034 potest
1664 2969 1692 3020 in
1717 2972 1818 3037 republ.

147 3052 297 3108 Germania
311 3053 514 3108 misericordias
529 3054 576 3109 itti
590 3053 719 3107 insistens
729 3053 762 3106 ab
776 3051 824 3105 illa
839 3053 953 3106 recessit.
1038 3071 1093 3106 nan
1108 3063 1266 3116 taricheas,
1280 3065 1348 3120 quas
1360 3050 1557 3122 incorrigibiles
1568 3053 1690 3122 etsocile
1700 3055 1823 3112 seductu-

173 3155 198 3186 ιι.
211 3137 255 3188 59.
1054 3155 1103 3194 rot
1114 3138 1184 3192 alios
1196 3137 1279 3191 nouit.
1291 3151 1319 3188 ιι.
1327 3136 1372 3190 87.

139 3221 271 3288 Agnoscit
285 3221 437 3276 Germania
457 3221 484 3272 in
503 3236 620 3274 ronmna
636 3219 778 3274 catholicis
797 3217 956 3276 cathedram
1008 3223 1200 3277 Testimonium
1213 3237 1249 3276 esc
1260 3235 1363 3272 canon.
1381 3237 1408 3272 ιι.
1428 3219 1472 3272 88.

173 3302 258 3354 Petri.
271 3323 302 3352 n.
313 3304 358 3354 60.
1003 3305 1184 3374 despondetur
1196 3305 1232 3358 ad
1243 3313 1403 3372 argumenta
1419 3321 1471 3372 pro
1485 3303 1658 3374 affirmatica
1675 3309 1818 3363 sententia·
1852 3297 1855 3306 ¹

140 3389 321 3455 Augustanus
338 3397 430 3440 tamen
443 3386 624 3457 confictionis
646 3397 784 3440 consortes
804 3385 834 3442 id
848 3386 897 3440 illo
915 3386 957 3439 in·
1043 3407 1071 3440 n.
1090 3390 1135 3440 89.
1148 3388 1191 3440 90.
1204 3387 1248 3440 81.
1261 3387 1307 3438 97.
1325 3386 1368 3437 93.
1388 3386 1431 3438 94.
1442 3387 1486 3440 bh.
1500 3390 1543 3441 90.

32 3537 33 3546 ¹
172 3474 239 3524 tuitu
253 3482 365 3539 negant.
381 3488 408 3522 n.
421 3472 466 3521 01.
1012 3469 1135 3541 Quaestio
1157 3470 1267 3524 tandem
1291 3466 1437 3534 deciditur,
1463 3469 1538 3540 arrad
1551 3472 1661 3540 politice
1682 3474 1817 3544 loquenda

32 3549 34 3618 ᾗ
141 3555 271 3607 Germani
284 3571 372 3625 aeque
389 3551 582 3610 orthodoxiam
595 3563 764 3624 augustanae
777 3553 960 3623 consessionis
1041 3553 1168 3624 princeps
1182 3571 1238 3607 non
1251 3555 1339 3608 ratum
1352 3553 1525 3608 introducere
1540 3556 1627 3622 possit
1646 3557 1825 3625 religionem,

32 3631 33 3642 ¹
172 3639 347 3692 consortibus
357 3637 496 3704 tribuunt,
520 3655 603 3707 guam
629 3636 915 3692 romanocatholicis:
935 3648 960 3690 et
1044 3639 1258 3707 quamagnotcit
1274 3638 1577 3702 Orthodoaamcsedet
1600 3641 1671 3694 alias
1689 3642 1825 3707 tolerare,

174 3733 345 3788 augustanae
356 3719 539 3788 consessionis
559 3719 730 3774 consortibus
749 3721 895 3790 cofirmati
911 3739 959 3775 ea·
1045 3736 1074 3777 at
1086 3741 1143 3778 noa
1166 3723 1225 3776 sine
1245 3727 1365 3790 periculo
1390 3725 1515 3779 ultionum
1537 3727 1600 3794 hoc,
1619 3735 1645 3780 et
1662 3726 1745 3780 dubia
1762 3745 1825 3782 carc·

171 3815 263 3868 presse
283 3815 467 3860 accensentur.
486 3823 513 3856 ιι.
531 3805 576 3858 bb.
1048 3809 1170 3863 scientia.
1189 3827 1220 3861 ιι.
1233 3809 1278 3860 97.

145 3893 219 3944 llnde
228 3895 401 3960 supremotus
409 3887 549 3961 pontificis
562 3887 670 3946 romani
686 3888 841 3944 oriundus?
854 3905 883 3942 tt.
896 3889 941 3942 08.
1013 3895 1073 3948 Non
1093 3893 1192 3958 obstat,
1208 3893 1282 3963 quod
1287 3891 1388 3966 judaei
1398 3895 1556 3950 tolerentur.
1569 3912 1595 3947 n.
1606 3894 1652 3946 88.

145 3971 257 4027 Occasio
266 3973 414 4041 potissima
421 3968 515 4040 fuisse
528 3972 633 4026 uidetur
648 3972 859 4028 Constantinus.
872 3991 899 4025 n.
913 3973 957 4024 84.
1012 3977 1051 4030 Ob
1062 3977 1197 4042 publicam
1209 3977 1323 4032 salutern
1341 3976 1641 4048 differturpuandogus
1665 3977 1823 4048 compositio

141 4059 169 4108 ls
180 4058 386 4126 Metrophanem
398 4055 583 4125 patriarcham
600 4057 736 4122 salutarit,
747 4057 796 4111 sed
820 4069 850 4112 ut
866 4075 957 4112 roma·
1044 4057 1253 4118 dissensionum.
1265 4077 1324 4112 non
1337 4071 1428 4114 autem
1438 4063 1547 4129 penitus
1559 4071 1682 4130 negatur.
1699 4079 1724 4114 n.
1740 4063 1783 4114 99.

171 4159 222 4195 nur
236 4143 326 4214 prior
338 4151 412 4196 esset.
427 4159 455 4195 ιι.
468 4141 513 4194 ct.
1009 4143 1056 4196 llil
1075 4143 1161 4212 magis
1184 4144 1380 4212 periculosum,
1405 4162 1487 4214 poam
1510 4143 1656 4197 immatura
1675 4140 1821 4197 medicina.

141 4229 210 4282 Bam
221 4227 451 4298 praerogatiuam
461 4224 639 4296 confirmavit
648 4221 765 4295 synodm
776 4225 962 4277 constantino·
1044 4243 1070 4276 n.
1091 4229 1150 4276 100.

173 4313 316 4378 politana.
330 4329 356 4364 ιι.
371 4311 414 4362 88.
1012 4309 1083 4377 Quid
1100 4311 1302 4364 rationedictae
1312 4311 1511 4366 controuersias
1521 4311 1550 4363 in
1562 4308 1678 4379 imperia
1691 4325 1819 4364 rontano·

141 4395 235 4462 Coepit
251 4391 363 4466 quidem
377 4393 450 4462 origo
461 4400 629 4461 ruprematus
637 4390 777 4462 pontificii
790 4391 825 4446 ob
842 4393 949 4462 antiqui
1039 4392 1199 4461 germanico
1211 4393 1352 4448 attinent
1365 4413 1392 4448 n.
1409 4397 1469 4445 101.

176 4488 257 4532 tatem
272 4477 349 4532 urhis
367 4479 481 4538 Romae,
493 4483 519 4527 et
532 4488 694 4532 consensum
706 4476 891 4545 imperatoris,
911 4475 959 4528 sed
1011 4477 1093 4530 Nemo
1107 4479 1136 4530 in
1152 4479 1267 4532 Germ-a
1277 4481 1338 4550 jure
1350 4479 1434 4532 cirico
1444 4479 1489 4532 cel
1500 4479 1724 4532 commerciorum
1732 4475 1826 4529 eaelu-

173 4562 319 4614 concurrit
332 4575 436 4628 quaque
447 4555 633 4610 misericordia
645 4557 838 4628 intempestiua·
853 4577 880 4611 ιι.
895 4557 940 4608 07.
1042 4561 1144 4616 dendus
1154 4571 1205 4626 est,
1227 4564 1301 4632 puctl
1311 4563 1353 4616 cel
1364 4561 1525 4618 lutheranae
1537 4560 1580 4616 cel
1593 4557 1759 4631 resartnatae
1782 4574 1825 4611 re·

142 4644 461 4710 constantinopolitanus
470 4644 559 4713 pruma
571 4641 624 4694 sibi
634 4640 745 4707 sumpsit
756 4642 865 4698 titulum
878 4657 958 4694 aecu-
1044 4645 1142 4716 ligioni
1152 4644 1283 4702 addictus.
1296 4663 1323 4698 n.
1338 4644 1399 4698 109.

176 4729 280 4784 menici.
296 4745 325 4780 ιι.
343 4727 388 4778 08.
1013 4733 1068 4800 Qui
1077 4729 1189 4786 alterius
1207 4730 1347 4800 religionis
1361 4738 1501 4785 consortes
1519 4727 1667 4782 haereticos
1682 4727 1823 4797 appellat,

144 4815 268 4868 Romana
285 4811 414 4864 eumdem
426 4809 533 4864 titulum
551 4809 646 4864 tribuit
669 4807 814 4876 lustinus,
831 4817 857 4864 at
866 4819 959 4879 pastea
1043 4814 1274 4885 paenamsractae
1291 4817 1367 4886 pacis
1381 4812 1504 4868 incurrit.
1517 4829 1547 4866 n.
1561 4812 1624 4864 103.

172 4897 350 4971 confirmarit
363 4895 554 4950 lastinianus.
565 4912 594 4948 n·
608 4895 655 4946 09.
1009 4900 1104 4955 Etiam
1124 4901 1302 4968 magistratus.
1316 4897 1362 4966 qui
1379 4893 1511 4949 ministris
1528 4891 1670 4963 religionis
1681 4907 1749 4948 suae
1758 4909 1824 4947 ean·

141 4983 248 5036 Phacus
259 4999 326 5037 cero
339 4980 393 5032 sali
403 4982 528 5032 blomano
541 4979 646 5034 tribuit.
660 4999 687 5032 n.
699 4979 744 5032 70.
1042 4983 1159 5039 sortibus
1171 4984 1279 5036 rnodum
1291 4982 1320 5036 in
1339 5000 1371 5036 eo
1385 5000 1440 5036 nan
1451 4981 1554 5032 statuit.
1567 4998 1595 5032 ιι.
1608 4977 1669 5030 titt.

142 5068 280 5122 Romanus
291 5075 382 5118 menen
397 5063 550 5118 alterintet·
575 5065 763 5118 oecumenicos
781 5077 838 5117 esse
854 5061 958 5126 nattis.
1011 5067 1234 5140 Optimesaciunt
1242 5066 1393 5140 principes,
1417 5067 1464 5140 qui
1480 5085 1530 5137 per
1545 5065 1634 5120 edicta
1658 5071 1766 5124 curant,
1792 5077 1826 5112 tte

172 5151 220 5205 sed
229 5148 376 5220 affectavit
389 5147 553 5204 oecumenici
565 5148 673 5204 titulum
686 5148 767 5203 totius
785 5147 858 5202 orbis
878 5148 959 5202 eccle·
1043 5153 1101 5222 quis
1112 5152 1140 5204 in
1152 5153 1263 5206 alterius
1286 5168 1366 5206 sacra
1389 5152 1475 5207 oerbt's
1499 5146 1700 5204 contumeliosis
1714 5145 1824 5198 inveha-

176 5233 286 5288 rnrtiei.
301 5251 330 5284 n·
345 5233 391 5283 71.
1044 5245 1095 5290 tur.
1114 5236 1215 5286 n.1tttt.

144 5315 354 5371 ,tteaaain‘aas
365 5325 392 5367 et
409 5313 596 5370 latiacltenus
618 5323 700 5370 erant
722 5312 820 5370 saltem
841 5315 959 5382 patriar·
1009 5323 1102 5373 status
1113 5319 1327 5389 imperiiinuitus
1343 5322 1474 5386 tusespere
1492 5337 1549 5374 non
1568 5327 1675 5374 tenetur
1690 5312 1825 5370 subditum

175 5401 242 5454 chae
254 5415 324 5452 tuae
337 5397 496 5453 dioeceseas.
509 5417 536 5452 rt.
549 5401 594 5452 78.
1044 5413 1068 5454 et
1080 5403 1221 5456 admittere
1232 5405 1323 5456 ciuem.
1337 5423 1364 5455 ιι.
1380 5405 1440 5454 408.

148 5481 212 5576 Cen.
223 5481 250 5532 2
267 5482 329 5534 tin.
343 5481 388 5534 88.
401 5491 490 5538 tamea
504 5501 559 5536 nan
574 5482 669 5536 obstat.
684 5501 712 5536 ιι.
725 5483 770 5536 78.
1015 5488 1114 5541 Verum
1125 5498 1234 5558 propter
1244 5487 1403 5556 religionem
1415 5487 1593 5554 approbatam
1613 5489 1641 5540 in
1658 5482 1772 5557 imperia
1793 5485 1825 5538 it·

155 5546 273 5620 omnus
293 5566 404 5622 ecclesia
416 5585 445 5621 se
461 5573 587 5623 hamana
602 5586 739 5640 nunquam
764 5583 892 5639 expresse
909 5567 969 5624 sub·
1045 5573 1102 5626 lune
1122 5589 1213 5628 arcere
1227 5591 1284 5626 raon
1299 5581 1395 5638 potest.
1408 5590 1436 5624 n.
1451 5572 1512 5623 107.

176 5651 251 5706 didit·
264 5671 296 5706 ιι.
312 5651 357 5705 74.
1012 5661 1060 5712 Aa
1074 5669 1160 5713 status
1171 5659 1284 5730 imperii,
1295 5659 1370 5716 salua
1384 5657 1563 5710 instrumenta
1580 5655 1657 5728 pacis
1669 5655 1754 5726 possit
1763 5671 1828 5726 per·

148 5739 220 5805 Quae
230 5739 261 5794 ln
273 5741 443 5796 contrarium
457 5739 599 5807 habentur,
613 5741 664 5796 cie
677 5761 713 5797 cc
726 5759 788 5798 uera
797 5743 958 5812 probantur.
1047 5760 1132 5797 sonas
1148 5741 1324 5809 particulares
1341 5741 1404 5796 aliis
1422 5741 1597 5812 religionibus
1618 5741 1737 5798 addictas
1755 5740 1823 5793 tals·

177 5841 203 5874 ιι.
220 5823 266 5875 ib,
1048 5825 1130 5882 rare?
1141 5845 1169 5880 ιι.
1190 5827 1250 5878 108.

231 5905 334 5978 Stryltii
349 5909 412 5968 Vol.
426 5911 476 5964 IX.
1358 5912 1377 5962 0
