4456 6208
233 295 288 351 183
927 291 1172 349 ttttt’ttca
1749 298 1803 350 tttu

175 407 266 454 lamen
284 398 364 464 longe
379 391 452 448 alind
471 392 524 460 sil,
542 391 627 455 hello,
645 407 724 460 quatu
750 388 852 460 praelio
875 387 994 459 sincerae

175 486 218 550 eie
236 483 266 536 in
284 480 357 533 curia
375 477 567 546 carthaginensi
587 491 674 529 coram
687 485 779 527 senatu
790 473 924 527 confessus
938 473 994 528 dn·

172 565 250 618 nibal
267 579 321 615 non
341 559 443 630 praelio
462 558 540 612 modo
557 573 601 623 se,
627 557 673 611 sed
700 557 771 610 bello
801 557 917 623 uicturus
948 575 997 612 nec

173 665 251 718 epam
270 643 365 698 salutis
381 642 450 694 alibi
466 657 544 712 quam
572 642 601 694 in
631 655 695 710 pace
720 639 911 708 impetrandam
930 657 995 696 esse.

172 732 234 786 dir.
250 722 416 782 attalica
436 739 576 795 possumus
594 739 643 792 pro
661 721 738 775 riotis
756 721 867 786 babere,
879 723 925 794 qui
943 725 994 780 ali·

175 813 280 885 quaudo
297 809 327 863 iu
345 807 434 879 lugam
453 807 525 871 dati,
544 806 597 859 uisi
617 806 711 859 ultima
729 803 849 874 pernicie
867 805 905 859 ita
922 821 996 878 supe·

176 897 229 950 rati
247 895 322 958 sinl,
339 903 371 946 ut
390 890 480 944 omnis
497 887 669 957 recolligendi
686 903 746 956 spes
763 888 843 942 simoi
863 905 893 942 ιο
914 892 995 945 semel

175 980 293 1048 praecisa
310 977 358 1030 ait.
375 973 491 1030 Proinde
509 983 581 1026 reete
598 979 755 1026 censuerunt
780 971 894 1026 Romani
925 976 994 1046 apud

174 1063 231 1117 tta.
248 1061 296 1115 lid.
310 1060 354 1112 18.
365 1077 387 1112 e.
400 1057 444 1110 11.
463 1057 528 1123 Ejus
547 1057 655 1108 demum
668 1054 786 1108 animum
800 1055 828 1108 iu
843 1067 994 1128 perpetuum

175 1146 265 1210 rinei,
283 1141 328 1196 eni
344 1139 479 1194 confessio
496 1154 619 1210 expressa
637 1135 685 1206 sit,
697 1151 733 1198 ¹se
748 1137 821 1205 justo
831 1155 861 1192 ac
872 1142 916 1211 pio
927 1141 997 1198 bello

175 1245 234 1284 assa
244 1233 404 1298 superatum.
416 1223 503 1294 Atque

232 1391 311 1448 linlla
330 1401 371 1447 ast
386 1388 495 1448 rietcria
514 1390 601 1458 maior

227 1479 315 1550 Qttam
326 1493 393 1550 qnae
408 1473 543 1530 coufessus
556 1473 646 1528 enimc
654 1489 757 1546 qnoque
767 1471 887 1546 subjuget
898 1474 995 1530 buttes.

173 1643 210 1700 lta
222 1645 378 1718 querelaque
398 1647 452 1700 dici
463 1654 628 1718 compertum
640 1654 687 1700 est:
701 1663 791 1716 paoem
804 1647 928 1718 petimus,
940 1647 993 1702 bel-

173 1733 229 1784 lum
247 1732 438 1803 deprecemur,
456 1733 486 1784 in
505 1731 630 1786 omuibus
648 1727 853 1796 satisfaciemusr
871 1731 995 1800 quemad·

174 1815 282 1870 modum
301 1816 471 1870 memorando
488 1829 671 1884 germanorum
701 1815 844 1879 encomio,
863 1812 996 1868 dutonius

173 1898 342 1952 dueliuiauus
360 1909 450 1954 orator
468 1907 575 1954 renatus
587 1896 657 1968 apud
671 1897 889 1952 Guieciardinum
902 1897 993 1951 taint

172 1990 200 2040 3.
219 1989 311 2042 Ριοιοι
329 1988 462 2043 submisse
478 1995 652 2049 esoraturns,
667 1987 759 2042 omnia
777 1986 849 2050 loca,
862 1999 928 2053 quae
941 1999 993 2038 res·

172 2072 280 2144 publice
309 2081 401 2127 renata
424 2089 531 2126 assero
548 2073 663 2143 imperio
688 2080 716 2124 el
741 2069 883 2124 dustriaois
906 2069 993 2123 arulsa

174 2155 339 2226 possidebat,
357 2157 500 2228 omniaque
518 2156 549 2210 in
568 2153 717 2210 continenti
736 2155 804 2222 sita,
834 2152 995 2207 dissimilia·

174 2261 209 2298 uo
227 2242 248 2296 l.
267 2243 421 2314 imperatori
441 2241 599 2312 resignarite
616 2249 644 2293 et
661 2240 777 2304 tributi,
796 2239 904 2292 nomine
915 2239 993 2309 quiu-

171 2337 251 2398 qenta
267 2327 325 2381 auri
344 2327 431 2398 pondo
447 2325 590 2398 quotannis
609 2325 725 2380 sciolum
742 2324 779 2379 iti
796 2323 932 2394 promisit.
942 2324 992 2377 Pe·

171 2428 266 2466 rorans
282 2409 315 2465 ad
334 2409 487 2464 Caesarema
505 2425 554 2463 uos
574 2408 612 2463 tui
632 2407 732 2464 Veneti
759 2405 829 2477 quod
852 2405 993 2469 riramus,

169 2495 243 2567 qood
259 2511 335 2549 auras
352 2496 479 2551 coelestes
498 2507 655 2563 carpemus,
673 2489 744 2562 quod
769 2489 888 2544 fruemur
906 2489 992 2542 homi·

171 2596 238 2634 nutu
254 2579 429 2641 commercio,
446 2576 476 2630 id
492 2593 572 2632 omne
591 2586 650 2630 tuae
667 2575 776 2640 eirtuti,
794 2573 927 2640 ielicitatl,
939 2577 992 2630 ele-

169 2663 339 2732 mentiacqua
368 2663 537 2726 tribuemuse
568 2659 615 2716 aad
645 2657 873 2729 praeponderabit
904 2669 991 2712 tamen

167 2763 313 2802 commune
330 2763 391 2816 erga
403 2749 514 2804 Venetos
531 2745 643 2810 odium,
660 2754 688 2799 et
705 2741 773 2798 fides
803 2743 883 2796 suciis
910 2744 991 2813 data,

171 2849 225 2901 quo
244 2831 334 2886 minus
351 2833 498 2902 imperator
516 2841 569 2884 tam
586 2830 715 2884 lucrosam
734 2841 824 2897 paoem
844 2827 991 2898 supplicau-

169 2914 244 2968 libns
261 2915 424 2969 concederet·
442 2916 555 2968 Demtm
574 2929 654 2983 penes
671 2929 731 2966 eum
749 2924 787 2967 est
798 2911 853 2964 lans
870 2919 898 2965 et
912 2911 992 2965 decus

170 2998 313 3066 uictoria'e,
332 3015 412 3069 penes
424 3015 503 3068 quem
522 3008 563 3050 est
575 2997 694 3064 ejusdem
713 2996 816 3051 luorum
834 3003 862 3052 el
875 2993 990 3051 iorluns.

171 3082 317 3137 Dannaees
333 3081 396 3152 aph.
408 3084 463 3150 pol.
473 3099 500 3152 p.
514 3099 550 3134 nt.
563 3082 626 3134 883.

205 3175 228 3230 ς.
249 3167 296 3219 3’1.
309 3167 383 3237 dpud
397 3167 527 3221 Romanor
543 3167 609 3220 olim
627 3163 772 3237 perdomiti
785 3164 992 3220 hoelissnleetne

170 3251 364 3306 documentum
382 3251 435 3304 luit
453 3253 617 3323 triumphose
637 3251 705 3306 llam
731 3253 851 3323 quiaquia
877 3251 988 3307 bostium

171 3337 290 3406 quinqua
309 3336 396 3388 millia
413 3335 558 3390 occidisset
575 3355 626 3390 una
644 3337 700 3392 acie
717 3335 931 3393 Valenblasim.
945 3334 992 3387 lib.

174 3421 219 3472 11.
237 3435 261 3472 ο.
281 3419 325 3472 38.
345 3419 379 3470 ttt
393 3419 416 3472 si
436 3437 496 3474 cum
518 3421 669 3488 magistratu
689 3437 730 3474 res
741 3420 865 3489 gessisset
878 3419 934 3473 tta.
945 3419 989 3470 28.

173 3519 197 3556 e.
211 3503 257 3556 38.
279 3503 435 3573 triumphus
453 3505 477 3554 ei
496 3503 616 3560 decretus
641 3504 709 3558 luit:
727 3505 884 3574 qusndcque
900 3503 989 3574 populi

175 3584 267 3650 joun,
284 3583 344 3637 sine
361 3586 513 3640 auctoritate
530 3598 635 3642 senatus
653 3588 709 3641 Lir.
727 3589 754 3639 3.
771 3604 793 3640 ο.
812 3588 858 3641 83.
884 3587 919 3640 Et
944 3587 984 3642 sio

174 3666 356 3738 triumpbatnr
373 3687 452 3723 aureo
470 3671 559 3726 currui
579 3672 700 3726 insidens
719 3669 825 3725 dextera
850 3687 932 3726 manu
949 3685 988 3725 ra·

173 3769 246 3804 mum
266 3753 389 3817 elenen,
408 3755 520 3809 sinislra
546 3767 679 3826 sceptrum
703 3755 848 3810 eburneum
877 3756 989 3810 tenebat.

174 3839 256 3893 Ducti
285 3850 347 3894 ante
364 3857 470 3895 currum
500 3841 618 3895 hostium
643 3842 736 3908 ducese
757 3841 885 3896 militarie
915 3843 989 3912 signa

173 3923 307 3990 praelatae
324 3934 426 3978 secutus
444 3925 575 3978 exercitus
593 3927 686 3996 praeda
704 3938 826 3992 onustuse
839 3927 929 3998 epulae
946 3928 989 3980 iu·

174 4015 287 4060 structae
305 4005 430 4062 dicuntur
448 4007 531 4062 fuisse
550 4017 613 4062 aute
628 4009 748 4063 omnium
768 4011 866 4065 aedes:
885 4012 990 4082 epulan·

173 4097 264 4159 resque
276 4105 334 4142 cum
347 4091 466 4144 carmine
478 4090 665 4160 triumphaliet
676 4091 838 4144 solemnibus
844 4093 910 4159 iocis
921 4107 990 4145 nom·

174 4175 349 4228 inerrantium
363 4175 457 4238 modo,
471 4191 577 4228 currum
592 4173 673 4229 secuti
691 4185 760 4240 suut,
776 4185 854 4244 prout
873 4175 928 4230 Llr.
947 4175 989 4230 de·

174 4255 273 4308 scribit
290 4255 308 4308 l.
323 4257 348 4308 3.
361 4274 383 4309 e.
396 4257 440 4325 29.
459 4257 599 4325 Postquam
618 4273 677 4310 eum
698 4258 745 4312 hae
757 4275 849 4328 pompa
862 4258 889 4309 in
903 4258 988 4314 iorum

173 4336 316 4392 derectum
328 4350 413 4402 esset,
428 4339 595 4409 triumphent
607 4340 777 4410 potissimum
789 4343 929 4412 quemdem
947 4361 989 4398 ca·

173 4425 306 4490 ptircrum
330 4423 505 4478 internecioni
532 4423 672 4486 dandum,
696 4426 795 4478 carceri
815 4427 990 4497 mancipabat.

173 4505 274 4558 Praeda
289 4505 317 4557 in
329 4507 460 4560 aerarium
474 4507 612 4577 publicum
637 4505 723 4558 delata
745 4504 805 4560 tuit.
832 4509 988 4578 Huiusmodi

172 4588 305 4657 triumphi
320 4601 343 4641 et
354 4591 488 4644 crationes
500 4598 671 4644 numerantur
689 4591 795 4644 trecenti
814 4603 839 4644 et
856 4595 988 4664 quinqua·

170 4673 271 4738 giutsa
290 4671 403 4725 Romulo
421 4689 504 4745 usqne
516 4674 549 4728 ad
560 4673 740 4740 Belisarinm,
763 4675 807 4744 qui
827 4691 987 4746 postremum

171 4753 221 4806 sub
239 4755 394 4810 lastiniam
413 4757 573 4829 imperatore
591 4759 820 4831 Conslanliuopoli
842 4762 987 4832 triurnpha-

170 4839 218 4890 ait.
237 4838 410 4910 caeteroquin
431 4843 521 4911 paucis
538 4843 587 4898 sub
604 4843 808 4913 imperatos-ibus
826 4845 988 4916 triumphan-

173 4921 200 4972 di
219 4931 335 4990 potestas
354 4923 404 4976 iuit
423 4941 561 4994 concessa,
584 4926 745 4980 conseruatis
768 4935 884 4980 ettamen
910 4947 987 4984 orna·

172 5006 272 5060 mentis
291 5007 502 5078 triumphalibus.
522 5010 651 5066 Paneirol·
670 5010 716 5064 lid.
730 5013 756 5062 1.
769 5025 824 5065 rer·
848 5016 987 5073 nremnrasl.

171 5091 305 5158 deperdit.
317 5109 344 5160 p.
358 5112 391 5146 tta.
405 5095 467 5150 titt.
479 5109 507 5151 er
516 5114 586 5167 seqq.

207 5175 231 5240 ς.
251 5175 297 5227 38.
315 5177 407 5229 iustus
426 5179 510 5234 bostis
528 5181 611 5245 sient,
633 5175 706 5231 clade
723 5175 759 5231 ita
772 5177 891 5244 affectus,
911 5183 987 5238 etui-

171 5260 238 5314 tima
256 5261 374 5332 pernicie
391 5263 488 5327 rictus,
506 5273 536 5318 nt
553 5265 582 5319 in
601 5272 757 5334 potestatem
776 5275 845 5318 tuam
860 5267 936 5335 plene
949 5285 989 5323 re

1047 389 1117 444 bello
1134 399 1224 460 captus
1240 401 1330 442 sersus
1348 382 1463 438 bostium
1477 379 1540 451 liat,
1552 384 1570 438 l.
1583 381 1653 456 ⁷·ff
1665 385 1698 441 de
1709 387 1865 460 acquirend.

1048 489 1097 527 rer.
1111 473 1185 526 dom.
1198 479 1218 535 §.
1234 474 1277 525 tt.
1288 468 1401 524 institut.
1413 469 1447 522 de
1459 486 1483 519 r.
1495 470 1522 523 d.
1540 487 1624 540 neque
1641 481 1731 526 contre
1743 484 1865 529 natum„

1048 565 1105 620 est,
1123 556 1236 626 spoliare
1253 569 1326 617 eum,
1348 567 1426 622 quem
1446 567 1541 604 necare
1567 551 1705 606 bouestum
1731 564 1780 609 eet.
1806 554 1863 608 cte.

1047 636 1127 709 offic.
1153 639 1180 692 3.
1204 638 1297 694 Victor
1327 635 1406 688 dandi
1434 633 1624 706 auferendique
1653 637 1731 691 ritem
1762 651 1862 710 potens.

1047 723 1133 791 Quare
1145 721 1220 775 Darii
1237 731 1321 774 mater
1338 728 1365 774 el
1382 721 1493 786 conius,
1511 720 1544 772 ad
1562 735 1617 772 esse
1644 736 1798 791 supremam
1815 721 1863 774 ho·

1045 824 1100 860 ram
1133 815 1218 870 salae,
1250 805 1340 859 tacitae
1366 804 1554 874 operiebantur
1581 801 1693 857 uictoris
1721 802 1863 870 arbitrium

1046 896 1121 950 curt.
1137 894 1157 946 l.
1168 895 1192 947 3.
1205 909 1230 945 ο.
1244 893 1286 944 11.
1306 889 1423 944 Proinde
1440 887 1612 942 humanitatis
1624 888 1693 941 ratio
1708 880 1802 952 suerit,
1813 887 1863 940 sub

1045 978 1181 1035 servitutis
1197 979 1287 1047 jugum
1305 975 1414 1030 mittere
1430 973 1535 1040 bostes,
1555 972 1588 1026 ab
1607 971 1790 1026 internecione
1807 987 1863 1026 ser·

1045 1075 1124 1122 salos.

1080 1150 1104 1216 §.
1123 1149 1167 1201 33.
1184 1145 1239 1201 Neu
1258 1145 1347 1198 minus
1371 1141 1442 1211 leges
1468 1137 1583 1210 reipubl.
1609 1135 1673 1191 alias
1700 1135 1863 1194 inviolabilia

1047 1232 1225 1298 munimenta,
1243 1228 1373 1284 vincentis
1390 1224 1491 1295 gladius
1509 1222 1653 1290 subvertit,
1678 1221 1863 1294 integrumque

1047 1319 1163 1389 regimen
1183 1315 1287 1371 uictrici
1307 1321 1378 1384 patet
1396 1308 1515 1361 libidini.
1534 1307 1616 1362 Proui
1643 1304 1767 1376 Spartani
1786 1305 1863 1359 devi-

1045 1403 1098 1458 ctis
1116 1398 1323 1454 Atheniensibus
1341 1405 1431 1446 eontra
1450 1392 1576 1463 pristinos
1593 1391 1694 1462 patriae
1713 1406 1802 1442 mores
1815 1387 1863 1440 tri·

1045 1486 1118 1554 ginta
1135 1494 1250 1538 rectores
1268 1482 1468 1550 imposuerunt,
1494 1476 1665 1544 traditamque
1690 1472 1742 1526 sibi
1768 1470 1862 1524 urbem

1045 1567 1209 1624 formandam
1227 1565 1362 1634 Lysandro
1381 1561 1563 1627 tradiderunt,
1580 1559 1680 1614 lustin.
1704 1556 1724 1608 l.
1743 1557 1774 1608 tl.
1794 1573 1817 1608 e.
1834 1555 1862 1606 8.

1047 1657 1074 1708 n.
1094 1653 1215 1707 solemne
1228 1650 1355 1703 nimirum
1374 1656 1428 1700 erat
1445 1644 1675 1707 Lacedaemoniis,
1689 1652 1716 1695 et
1734 1641 1806 1694 inter
1819 1639 1862 1692 do·

1047 1738 1201 1794 minationis
1219 1749 1310 1788 areana
1338 1740 1510 1799 usurpatum,
1538 1729 1681 1780 dissolvere
1710 1726 1863 1796 popularem

1045 1831 1158 1888 statum,
1176 1829 1203 1875 et
1220 1819 1285 1874 alibi
1304 1814 1453 1872 demechias
1469 1810 1534 1866 alibi
1553 1810 1769 1866 triacontarcbias
1782 1809 1863 1865 insti·

1048 1921 1126 1966 tuere.

1081 2005 1102 2060 ς.
1123 1996 1165 2049 ill.
1185 1989 1353 2066 Quinetiam
1373 2003 1458 2042 sacrae
1477 2003 1517 2039 res
1534 1983 1617 2036 enltul
1635 1978 1802 2052 dirin02alias
1821 1979 1862 2033 di·

1047 2091 1133 2144 catae,
1150 2100 1165 2133 ι
1183 2077 1305 2135 uictoriae
1323 2077 1381 2140 iure
1399 2089 1451 2124 non
1469 2072 1639 2131 eximuntur,
1663 2072 1691 2117 el
1716 2063 1859 2116 secundum

1046 2166 1219 2236 Pomponium
1237 2165 1327 2216 deturn
1346 2157 1375 2210 s'n
1397 2157 1417 2210 l.
1429 2157 1472 2206 36.
1483 2151 1521 2220 ff.
1540 2153 1573 2206 de
1585 2150 1698 2218 religios.
1719 2147 1785 2200 Cum
1805 2149 1862 2200 loca

1045 2259 1118 2320 capta
1138 2258 1199 2302 sunt
1216 2247 1248 2300 ab
1265 2233 1510 2306 destinassemus
1528 2237 1653 2288 desinunt
1678 2233 1799 2302 religiosa
1818 2231 1860 2284 rei

1045 2349 1115 2386 sacra
1132 2349 1205 2394 este,
1223 2330 1291 2382 sicut
1307 2326 1428 2382 homines
1445 2323 1524 2376 liberi
1543 2326 1572 2376 in
1591 2321 1745 2377 seraitutem
1771 2331 1859 2389 perre-

1045 2422 1132 2474 uiuut.
1151 2419 1257 2472 Scilicet
1276 2425 1338 2470 runt
1356 2429 1443 2467 sacrae
1460 2429 1501 2466 res
1519 2430 1534 2463 a
1551 2407 1619 2475 bue,
1643 2406 1685 2460 eui
1712 2405 1859 2459 destinatae

1044 2515 1120 2571 eunte
1138 2523 1215 2574 quern
1235 2516 1381 2571 temporum
1401 2498 1541 2552 necessitas
1558 2503 1678 2564 respectu
1703 2491 1788 2560 ipsius
1813 2504 1861 2557 pc·

1043 2593 1098 2664 puli
1117 2593 1275 2646 destinantis
1292 2588 1446 2660 quandoque
1474 2581 1629 2654 suspendit,
1660 2585 1686 2630 cl
1716 2577 1857 2627 immutat:

1041 2678 1147 2748 quentin
1165 2695 1213 2746 pro
1231 2674 1408 2744 redemptione
1426 2685 1522 2738 nempe
1538 2666 1700 2732 captivorum
1723 2673 1771 2716 etc.
1795 2661 1859 2712 elie·

1044 2775 1139 2817 nentur
1156 2760 1178 2833 5.
1198 2765 1224 2816 8.
1242 2761 1356 2816 institut.
1368 2759 1401 2812 de
1412 2775 1433 2810 r.
1446 2757 1472 2809 d.
1486 2747 1625 2822 Significat
1637 2763 1738 2820 qunque
1751 2746 1800 2797 boc
1813 2743 1859 2796 de·

1041 2847 1153 2904 ditionis
1165 2851 1277 2906 formula
1291 2851 1397 2904 relatas
1411 2845 1485 2899 Lirin
1499 2843 1518 2900 l.
1531 2845 1557 2894 1.
1581 2857 1604 2892 e.
1618 2839 1660 2890 st.
1686 2833 1793 2886 Estisne
1812 2843 1860 2883 ros

1041 2934 1117 3000 legali
1130 2945 1299 3005 oratoresque
1312 2929 1386 2986 missi
1401 2927 1525 2999 spopulo
1539 2921 1687 2981 Collatino,
1698 2927 1728 2970 ut
1746 2930 1791 2969 ιοι
1810 2930 1859 2982 po·

1043 3018 1186 3088 polumque
1199 3021 1218 3063 Γ
1218 3022 1358 3076 ellatinum
1377 3005 1522 3065 dederitis?
1542 3007 1647 3060 Sumus.
1671 3003 1753 3054 Estne
1778 3015 1857 3068 popu·

1041 3096 1083 3146 lus
1101 3095 1242 3151 Collatinus
1259 3099 1288 3151 iu
1307 3115 1353 3155 sua
1370 3090 1514 3167 potestate?
1532 3091 1587 3142 Est.
1606 3084 1746 3140 Deditisne
1757 3097 1802 3135 eos
1816 3097 1858 3148 pc·

1042 3179 1133 3248 pulum
1154 3181 1330 3246 Collatinum,
1349 3179 1456 3241 urbem,
1475 3191 1564 3243 agros,
1582 3186 1692 3240 aquam,
1712 3163 1861 3228 terminos,

1043 3261 1162 3329 delubra,
1182 3267 1319 3328 utensilia,
1337 3263 1426 3316 disina
1445 3252 1717 3326 humanaqnenmnia,
1731 3252 1759 3301 iu
1773 3265 1859 3301 meam

1040 3349 1184 3418 populique
1202 3350 1307 3402 romani
1325 3343 1474 3400 ditionem?
1492 3341 1620 3394 dedimus.
1640 3337 1675 3390 dl
1686 3351 1734 3403 ego
1747 3331 1859 3401 recipio.

1042 3429 1144 3484 deltam
1164 3430 1279 3485 derictae
1297 3432 1384 3500 gentis
1402 3428 1558 3497 religionem
1581 3419 1731 3489 relinquero
1757 3417 1860 3472 consul·

1042 3512 1094 3564 tius
1116 3513 1234 3569 fortassis
1253 3515 1286 3568 ad
1316 3513 1438 3568 tuendam
1471 3506 1697 3572 dominationem,
1727 3505 1860 3576 simulque

1041 3596 1195 3654 tunorium:
1213 3601 1291 3656 modo
1310 3619 1342 3655 ne
1362 3599 1427 3653 laisa
1445 3595 1513 3667 apud
1532 3595 1645 3648 domitos
1663 3593 1757 3660 religio
1776 3591 1810 3644 ita
1833 3607 1861 3644 se

1042 3681 1149 3746 babeat,
1168 3694 1197 3737 ut
1216 3703 1276 3740 rere
1294 3684 1420 3740 interitus
1437 3681 1533 3737 exinde
1551 3676 1707 3734 metuendus
1721 3677 1756 3730 sit
1778 3677 1861 3730 Grol.

1041 3765 1074 3818 de
1085 3768 1145 3839 jur·
1163 3769 1188 3821 b.
1207 3779 1233 3822 et
1250 3787 1278 3837 p.
1297 3769 1316 3820 l.
1336 3769 1363 3820 3.
1380 3785 1403 3821 e.
1422 3767 1467 3820 ttl.
1485 3773 1507 3829 ς.
1529 3766 1573 3817 tt.
1592 3765 1630 3815 lta
1648 3772 1740 3834 gentes
1764 3776 1858 3831 super·

1041 3852 1196 3906 stitinuibns
1213 3853 1379 3916 laborantes,
1397 3851 1430 3904 ab
1448 3847 1580 3904 israelitis
1599 3848 1690 3901 diaino
1708 3847 1781 3914 jussu
1798 3863 1871 3898 oum·

1041 3935 1095 3988 suis
1114 3935 1193 3990 idolis
1212 3937 1304 3989 excisi.
1323 3935 1358 3988 Et
1372 3933 1563 3988 Constantinus
1581 3947 1692 3998 magnus
1710 3929 1803 3998 adepta
1823 3928 1861 3982 ri·

1039 4018 1120 4071 storia
1147 4035 1194 4090 per
1216 4020 1308 4075 orbem
1334 4035 1489 4081 romanume
1513 4016 1669 4069 Clodnaneus
1695 4015 1724 4064 in
1752 4012 1857 4076 stettin

1041 4099 1148 4156 Carolus
1167 4119 1274 4172 magnus
1292 4099 1359 4172 apud
1372 4102 1499 4167 Saxones,
1519 4099 1686 4154 christianam
1705 4093 1785 4150 iidem
1807 4097 1859 4149 coli

1041 4188 1183 4240 volucrunt.
1212 4187 1297 4258 Atque
1324 4185 1466 4239 hodienum
1498 4183 1586 4236 dicere
1613 4198 1761 4253 possumus,
1787 4179 1858 4252 quod

1040 4268 1108 4323 l'orte
1125 4271 1189 4323 hinc
1209 4272 1270 4324 illae
1289 4270 1435 4338 lachrymae
1454 4263 1608 4338 religionis!
1621 4271 1692 4334 cujus
1719 4279 1791 4316 sacer
1810 4263 1858 4317 ob·

1041 4361 1126 4410 tentus
1144 4353 1288 4410 insatiabili
1308 4364 1335 4408 et
1352 4351 1514 4408 execrandae
1539 4350 1679 4403 multorum
1704 4345 1814 4400 libidini
1833 4357 1860 4402 el

1039 4437 1162 4493 avaritiae
1192 4457 1240 4508 pro
1272 4439 1359 4492 colore
1383 4448 1430 4492 est.
1453 4437 1608 4490 Praetextus
1633 4450 1695 4486 sane
1718 4433 1859 4501 religionis

1040 4521 1096 4575 heri
1117 4531 1144 4576 et
1161 4523 1239 4577 hodie
1258 4531 1400 4594 usurpatus
1418 4539 1471 4574 non
1490 4530 1581 4584 natus;
1608 4521 1661 4585 iam
1686 4517 1751 4570 olim
1770 4533 1855 4570 sersu-

1039 4605 1141 4660 tlsslmo
1159 4606 1285 4678 Philippo
1304 4605 1439 4663 macedoni
1460 4605 1590 4658 inserviit.
1603 4603 1663 4656 Non
1679 4603 1793 4654 Deorum
1809 4599 1858 4655 im·

1042 4689 1190 4744 mortalium
1211 4691 1332 4760 templis,
1352 4707 1403 4742 non
1422 4687 1532 4742 aedibus
1550 4685 1647 4750 moris,
1665 4701 1717 4738 uon
1737 4684 1798 4737 Diis
1818 4699 1861 4753 pe·

1041 4775 1149 4828 natibus
1167 4775 1280 4846 publicis
1306 4773 1483 4842 privatisque.
1509 4771 1541 4825 ad
1559 4786 1625 4843 quot
1642 4771 1719 4839 paulo
1737 4777 1799 4821 ante
1820 4767 1856 4820 ln·

1041 4874 1144 4926 gressus
1164 4857 1329 4930 hospitaliter
1354 4858 1453 4922 iuerat,
1478 4855 1605 4926 pepercit.
1628 4851 1729 4907 lustin.
1755 4853 1792 4904 tlt.
1811 4851 1855 4904 lid.

1041 4941 1068 4992 8.
1086 4957 1110 4992 ο.
1130 4941 1159 4994 3.

1076 5028 1098 5084 ς.
1117 5020 1161 5074 11.
1180 5021 1251 5076 liaeo
1267 5029 1295 5076 el
1312 5021 1361 5076 alia
1379 5019 1532 5092 gravissime
1551 5019 1670 5092 quamuis
1689 5019 1758 5084 sint,
1777 5020 1874 5086 ricto·¹

1041 5104 1098 5156 riae
1116 5113 1200 5158 tamen
1218 5106 1285 5158 ratio
1305 5123 1359 5158 nott
1378 5105 1517 5169 redditur,
1534 5107 1622 5159 'lseih
1641 5107 1667 5158 lt.
1688 5105 1713 5160 l.
1731 5122 1754 5157 c.
1775 5105 1817 5156 tt.
1831 5109 1857 5158 8.

1040 5188 1179 5242 Armorum
1198 5192 1257 5258 jure
1274 5189 1435 5244 ratihabente
1453 5191 1551 5242 omnia.
1570 5189 1635 5242 Nam
1662 5201 1796 5260 postquam
1816 5205 1857 5244 aa·

1040 5275 1092 5326 mel
1110 5275 1293 5345 belligerantes
1311 5273 1340 5327 in
1360 5272 1457 5344 Campo
1475 5273 1575 5326 Martio
1592 5274 1666 5326 litem
1695 5283 1755 5324 sunt
1772 5283 1858 5330 conte-

169 5345 258 5407 uerita
277 5345 347 5400 ratio
365 5347 437 5416 pacis
455 5348 539 5418 plane.
564 5347 701 5418 Siquidem
727 5347 769 5415 jus
793 5347 873 5413 belli,
898 5350 989 5422 fasque
1038 5357 1120 5422 stati,
1150 5355 1182 5410 ad
1215 5366 1353 5428 utramque
1370 5357 1433 5412 belli
1451 5357 1582 5410 fortunam
1613 5371 1670 5409 sese
1689 5357 1768 5413 tacite
1785 5358 1856 5412 obii·

169 5445 320 5492 armnrum,
340 5438 371 5483 ut
388 5431 473 5484 Tacit.
489 5434 526 5486 tt.
539 5432 592 5484 IV.
609 5431 655 5484 58.
673 5431 829 5484 cultioribus
842 5434 988 5506 quibusque
1037 5447 1108 5509 gent.
1127 5441 1214 5511 Quare
1232 5442 1254 5495 si
1274 5443 1374 5512 poterit
1393 5443 1489 5506 rictus,
1514 5440 1621 5494 fortiter
1651 5439 1751 5495 cladem
1782 5458 1857 5496 susm

170 5511 295 5576 pentibus
312 5524 484 5583 usurpatum,
504 5531 627 5585 personas
645 5519 717 5584 juxta
737 5533 766 5570 sc
784 5521 986 5576 resomniamn·

170 5594 232 5644 bilia
252 5604 279 5648 el
300 5595 468 5661 immobilia,
487 5611 556 5650 saera
576 5608 602 5650 el
620 5598 726 5669 prolana
746 5600 873 5667 hostium,
891 5606 986 5659 victori

171 5677 313 5748 permittit.
332 5677 505 5733 Notissimum
523 5681 623 5753 quippe
640 5693 679 5738 esl
697 5699 730 5736 ex
747 5686 796 5741 cir.
815 5688 865 5754 iur.
877 5689 946 5762 quod
958 5691 988 5746 in

300 5759 404 5831 Stryir'i
424 5762 485 5820 Vol.
503 5763 555 5818 ΙΧ.

1039 5523 1123 5591 feret,
1143 5523 1330 5596 conabitnrque
1348 5527 1445 5578 esitare
1464 5525 1530 5578 hanc
1547 5541 1654 5596 pacem,
1675 5535 1702 5578 ut
1722 5527 1857 5580 servitutis

1040 5611 1194 5677 pactionem.
1213 5607 1347 5661 Nimirum
1367 5609 1456 5662 cronia
1474 5608 1623 5680 experietur
1637 5625 1709 5662 more
1724 5609 1854 5680 anguium.

1040 5692 1085 5762 qni
1104 5692 1205 5748 obtrito
1224 5692 1309 5764 eapite
1325 5692 1491 5765 postmodum
1509 5692 1590 5748 catula
1608 5691 1754 5760 minantur,
1772 5693 1854 5746 ninid

1528 5779 1563 5840 18

2040 5724 2106 5744 Α
