4460 6208
653 253 987 426 ursrurauro
1019 342 1230 422 oncrum
1264 340 1488 420 ouravn

531 555 669 674 Μ
738 547 1592 674 emanaturam

755 784 798 829 tn
820 783 898 828 DIE!
926 783 979 828 11.
1002 779 1157 828 euenum.
1181 779 1212 826 Α.
1235 781 1386 829 mxvt.

890 973 971 1016 etto
1007 967 1241 1016 HGBNNA

654 1114 895 1190 tonsuras
918 1109 1275 1185 omsroeuouus
1297 1107 1559 1182 rossanus.

876 1321 879 1326 .
926 1273 1074 1332 GUESTR.
1092 1273 1234 1330 menen.
1421 1220 1426 1230 =

751 1495 1314 1534 ·—--0-——-

805 1715 897 1776 ruva
914 1707 1070 1771 caarsru
1087 1707 1322 1774 neumarum

223 1899 521 2066 Tritissimum
546 1991 582 2050 et
608 1977 645 2050 iu
663 1979 827 2051 omnium
846 1998 906 2046 ore
923 1969 1230 2048 circumvolutum
1253 1991 1308 2050 est
1333 1977 1518 2078 adagium:
1546 2007 1590 2056 ne
1608 1995 1709 2057 sutor
1722 1981 1815 2059 ultra
1832 2009 1906 2058 cre·

222 2089 363 2186 pidum.
389 2086 515 2182 Aequa
542 2081 642 2152 euim
670 2079 806 2150 meotis
833 2075 934 2154 lance
960 2071 1027 2146 hoc
1052 2074 1272 2170 expendenti
1300 2078 1390 2150 mihi
1418 2106 1504 2155 sane
1538 2083 1664 2157 videor
1697 2087 1818 2158 uroliri
1853 2086 1908 2172 id,

222 2185 326 2284 quod
355 2196 504 2284 captum
529 2205 653 2252 meum
680 2187 826 2278 superat
846 2177 971 2270 longe,
995 2173 1083 2245 dum
1108 2176 1164 2273 jne
1187 2176 1504 2278 emphyteuticum
1531 2186 1569 2255 iu
1604 2187 1755 2257 rationis
1771 2207 1909 2282 gyrum

221 2283 518 2372 circumducens,
543 2281 642 2380 typis
660 2279 815 2380 publicis
841 2273 1016 2376 subjicere
1041 2275 1078 2345 id
1106 2275 1200 2348 haud
1215 2283 1350 2352 veritos
1362 2285 1431 2355 sim
1447 2336 1460 2373 ,
1475 2283 1571 2358 nulla
1591 2281 1698 2383 plane
1715 2284 1835 2359 habita
1852 2311 1906 2357 ra·

222 2387 335 2476 tione,
360 2383 460 2484 quod
479 2381 846 2480 muteria'praeposita
874 2379 1062 2475 spinarum
1091 2371 1217 2474 plena,
1242 2391 1278 2449 et
1303 2405 1414 2480 quam
1448 2384 1616 2481 plurimis
1651 2383 1913 2460 difficultatum

225 2485 431 2560 maeandris
456 2481 725 2556 circumvallata
739 2483 798 2552 sit.
812 2477 1038 2574 Cumprimis
1055 2489 1178 2548 autem
1197 2478 1286 2550 vitio
1299 2481 1391 2553 mihi
1406 2496 1567 2558 vertetur
1587 2485 1672 2576 hoc,
1690 2485 1786 2586 quod
1803 2507 1909 2560 ansus

226 2585 359 2658 fuerim
385 2585 575 2656 materiam
602 2581 794 2682 juridicam
822 2575 1034 2662 defendere,
1058 2576 1120 2672 qui
1137 2579 1200 2650 vix
1226 2603 1284 2650 me
1309 2580 1357 2653 ad
1382 2607 1479 2656 sacra
1506 2589 1593 2685 juris
1619 2587 1733 2684 adyta
1758 2585 1907 2658 contuli.

219 2684 408 2783 Equidem
427 2681 602 2755 ambabus
627 2680 825 2780 amplector
851 2678 965 2764 ulnis,
991 2677 1088 2773 quud
1118 2679 1246 2775 primis
1264 2681 1372 2752 modo
1394 2681 1525 2775 labris,
1551 2689 1604 2760 uti
1633 2685 1730 2784 loqui
1761 2699 1909 2778 amant,

226 2808 358 2884 vagum
393 2782 698 2886 jurisprudentiae
722 2803 896 2853 oceanum
915 2779 1101 2873 degustare
1128 2777 1399 2872 inchoaverim,
1426 2786 1464 2856 iu
1494 2785 1562 2859 hoc
1594 2789 1757 2863 exercitii
1776 2809 1907 2884 genere

224 2887 378 2958 minime
402 2885 566 2982 gentium
584 2885 655 2954 sim
671 2893 840 2954 versatus.
867 2879 920 2950 Ea
940 2889 1076 2967 tamen,
1102 2902 1193 2975 quae
1219 2881 1408 2978 ingenium
1435 2897 1604 2960 tenerum
1635 2911 1678 2970 ex
1702 2891 1910 2988 praelectio·

225 2984 333 3060 nibus
350 3009 419 3084 qua
439 2982 613 3084 publicis,
630 3007 700 3082 qna
721 2981 872 3080 privatis
899 2980 1063 3052 vivorum
1082 2976 1311 3052 dominorum
1327 3002 1621 3085 praeceptorum,
1638 3012 1793 3087 quorum
1813 3004 1910 3063 aeta·

230 3101 306 3158 tem
333 3097 636 3168 sancteveueror‚
662 3105 788 3179 capere
814 3082 955 3179 potuit,
981 3102 1145 3176 quaeque
1170 3104 1214 3149 ex
1241 3089 1353 3154 mutis
1380 3085 1568 3161 doctorum
1597 3085 1912 3164 lucubrationibus

228 3185 410 3260 addiscere
436 3187 530 3258 vires
555 3184 816 3281 permiserunt,
839 3179 1063 3252 eruditorum
1088 3181 1246 3250 examini
1274 3183 1491 3257 submittere
1516 3213 1619 3260 mens
1643 3203 1708 3260 est.
1731 3193 1830 3283 Quin
1849 3217 1912 3264 au·

229 3301 304 3358 tem
328 3284 632 3358 calumniatorum
659 3284 786 3378 iugens
812 3281 859 3350 sit
885 3283 1057 3350 exstitura
1084 3293 1251 3368 caterva,
1276 3279 1455 3356 dubitatio
1481 3291 1695 3386 neutiquam
1722 3289 1818 3362 subit
1835 3295 1913 3364 ani·

230 3410 357 3476 mum,
382 3407 465 3455 cnm
494 3377 717 3479 temporibus
743 3380 876 3452 uostris
899 3375 1213 3450 exulceratissimis
1240 3383 1358 3477 pravis
1379 3407 1472 3480 pene
1498 3387 1624 3460 murltis
1643 3402 1769 3463 natura
1791 3391 1838 3464 sit
1856 3395 1912 3464 in-

231 3488 367 3574 ditum,
393 3481 604 3578 redarguere
620 3494 787 3552 caeteros.
812 3479 951 3552 Verum
979 3477 1240 3576 pensiculauti,
1265 3495 1328 3552 aut
1353 3485 1550 3559 ruminanti
1579 3489 1766 3588 eloquium
1792 3494 1911 3584 istud,

231 3585 326 3684 quod
344 3598 448 3684 turpe
466 3586 533 3671 sit,
561 3581 711 3670 alienas,
742 3575 868 3650 multis
894 3573 1073 3650 ulceribus
1097 3575 1280 3670 obsitum,
1301 3580 1489 3656 observare
1516 3587 1678 3686 papulus,
1694 3615 1840 3690 carpere
1859 3617 1913 3664 re.

232 3711 314 3760 vera
334 3688 405 3757 erit
423 3680 699 3755 abominationi.
726 3678 872 3751 Rodunt
890 3679 999 3774 igitur
1024 3675 1196 3751 dentibus
1208 3676 1409 3772 theoninis,
1436 3685 1566 3783 quibus
1586 3689 1716 3788 volupe
1732 3705 1798 3784 est,
1811 3691 1913 3766 flocci

233 3800 358 3858 tamen
376 3784 432 3856 hie
450 3780 690 3882 pendentibus
719 3803 846 3852 ausam
873 3777 1060 3851 deserendi
1093 3777 1291 3877 praelatam
1321 3789 1509 3857 materiam
1546 3791 1642 3862 lruud
1674 3792 1910 3905 praebebunt.

233 3885 313 3959 Non
334 3910 416 3959 vero
435 3885 500 3955 huc
520 3881 612 3953 mihi
630 3904 797 3976 arrogare
815 3889 952 3977 satago,
970 3903 1009 3950 ac
1026 3881 1056 3949 si
1073 3901 1117 3948 ex
1135 3879 1302 3953 assehuic
1320 3887 1481 3957 materiei
1500 3892 1687 3976 intricatae
1704 3918 1912 3994 correspon-

234 3985 319 4058 dere
338 3985 476 4058 valeam
490 4037 499 4072 ,
512 4007 594 4052 cum
614 3993 649 4051 et
663 3979 881 4052 doctissimis
898 4003 1018 4051 errare
1034 4003 1137 4078 saepe
1155 3973 1203 4048 'sit
1221 3979 1478 4082 datum‚quod
1509 3985 1729 4063 humanitati
1751 3992 1914 4066 tribneu.

237 4085 340 4157 dum.
359 4085 545 4183 Perpetiar
559 4082 682 4178 itaque
698 4105 810 4178 aequo
829 4091 865 4150 et
883 4076 1024 4151 lubenti
1044 4081 1187 4167 animo,
1206 4078 1322 4152 immo
1349 4087 1422 4156 voti
1450 4089 1521 4157 mei
1553 4111 1700 4188 compos
1729 4097 1884 4164 extitero
1901 4149 1913 4186 ,

237 4183 362 4281 quodsi
377 4187 497 4282 quivis
516 4182 665 4254 mendas
683 4181 893 4252 commissas
908 4203 1050 4252 mecum
1069 4180 1232 4252 conferre
1249 4195 1366 4271 amet,
1383 4208 1455 4281 quo
1469 4187 1645 4278 invicem,
1664 4203 1704 4262 ut
1722 4191 1760 4262 in
1781 4196 1916 4265 amica.

239 4283 350 4356 bilem
365 4285 593 4357 harmoniam
612 4279 813 4352 coalescant
832 4277 990 4351 modeste
1008 4277 1258 4350 allaboremus.
1279 4279 1418 4354 Interea
1442 4291 1624 4385 temporis,
1645 4289 1735 4387 quid
1754 4289 1845 4362 serre
1864 4317 1917 4364 re·

240 4396 386 4472 curent,
404 4385 491 4483 qnid
508 4381 652 4454 valeant
677 4379 838 4468 humeri,
856 4379 1015 4452 facturus
1033 4376 1234 4480 periculum
1254 4405 1273 4451 a
1292 4381 1455 4480 quolibet
1468 4410 1697 4490 summopere
1715 4393 1915 4486 contendo,

241 4510 284 4558 ue
305 4483 519 4558 modestiam
538 4505 658 4555 meum
687 4480 784 4554 mule
798 4489 928 4553 vertat.

918 4688 1167 4757 CAPUT
1216 4691 1243 4757 l.

798 4876 853 4944 De
876 4875 1074 4968 definitione
1097 4881 1359 4974 emphyteuseos.

473 5065 541 5120 Sl!
556 5067 593 5118 d!
606 5065 642 5119 d!
657 5065 684 5116 A
704 5065 728 5118 lt
746 5068 765 5119 1
780 5067 808 5118 A
1105 5066 1157 5119 Est
1168 5079 1323 5123 contractus
1336 5071 1493 5130 continetur
1497 5071 1572 5144 fidei.
1586 5093 1613 5128 n.
1629 5078 1654 5128 7.

1105 5151 1183 5204 luris
1194 5155 1321 5222 gentium.
1334 5173 1363 5208 n.
1375 5158 1401 5208 8.

237 5231 451 5302 Emphyteureor
464 5231 638 5302 etymologia.
652 5251 679 5286 u.
694 5235 718 5284 l.
1110 5238 1266 5308 Quotnplerc
1283 5237 1327 5293 tit.
1340 5257 1368 5294 n.
1380 5241 1406 5293 ll.

234 5315 431 5386 Homouymr'o.
444 5335 473 5370 n.
493 5318 518 5369 ἓ.

230 5401 447 5472 synonymiae.
468 5403 491 5455 Β.
1104 5349 1317 5478 Ausplraturot
1340 5424 1399 5462 soro
1431 5409 1464 5464 da
1483 5411 1605 5468 roeebulo
1631 5413 1846 5486 emphyteuseos,
1865 5421 1958 5496 lieet1

235 5485 306 5554 Quid
319 5503 351 5540 eo
363 5484 417 5538 rit?
431 5503 457 5536 u.
471 5483 495 5537 l.
1103 5493 1207 5560 optimo
1226 5493 1292 5544 mihi
1311 5504 1412 5546 coronet
1430 5512 1573 5566 sponsore,
1589 5499 1657 5569 quod
1682 5501 1757 5555 Jotns
1782 5521 1834 5556 oon
1861 5509 1925 5560 eleo

233 5569 420 5630 Perpendu'rur
433 5567 567 5638 definitio.
586 5586 603 5620 u
631 5569 657 5620 t.
1104 5575 1140 5629 sit
1159 5576 1284 5634 sollicitos
1304 5579 1338 5631 «te
1354 5595 1425 5644 roae,
1443 5598 1520 5648 quam
1540 5581 1573 5634 de
1592 5585 1713 5637 materia.
1734 5585 1811 5639 Prior
1839 5595 1925 5642 tumen

234 5645 377 5725 scriptore
392 5671 445 5710 nou
459 5665 500 5710 ert
514 5655 547 5710 de
559 5655 677 5708 carectis
689 5657 901 5728 emphyteoseos.
916 5675 941 5710 u.
953 5657 980 5711 θ.
1113 5659 1247 5715 uerborum
1268 5663 1372 5736 l'lpisa.
1390 5665 1418 5718 iu
1441 5665 1459 5718 l.
1489 5669 1511 5722 t.
1521 5665 1653 5738 prineff.
1666 5666 1790 5740 retusae.
1802 5673 1890 5746 etjur.
1907 5673 1927 5728 l.

2083 5736 2153 5760 A
