4374 6216
210 280 240 332 ει
556 271 605 326 DE
622 265 883 325 nrssntcottnrl
902 261 1169 324 lNTEbiPESTth
1187 264 1336 324 tn'rutrtt
1353 285 1415 336 erp:
1743 281 1780 338 82

165 375 255 428 illatam
279 367 372 436 luerit,
391 377 419 422 et
440 365 504 438 quid
530 376 590 436 post
615 365 768 420 donationes
786 365 903 436 imperio
922 379 963 414 su·
1014 363 1149 417 consuerit
1167 364 1225 434 ipse
1245 366 1362 420 ecclesiis
1382 367 1474 436 largiri
1488 369 1650 442 immobilia,
1664 385 1688 432 el
1706 399 1754 452 pro
1774 395 1827 441 ata-

123 453 150 504 ¹³
166 460 235 529 persit
251 471 369 525 praesens
381 453 542 508 Germaniae
560 461 639 505 status
657 451 758 504 edocet.
777 451 875 503 Veram
896 465 960 500 nom
1016 461 1043 504 tu
1062 461 1088 503 et
1116 451 1270 504 conditione
1293 461 1444 523 temporum
1471 457 1581 510 istorum
1600 463 1677 515 condi
1696 465 1766 519 baud
1786 489 1833 538 po-

123 547 149 598 tt
168 538 303 610 imperatori
321 537 360 592 las
379 550 434 602 est,
454 537 605 590 donationes
624 535 688 588 istas
706 530 845 604 repetere?
864 535 910 586 Sic
922 533 962 586 si·

1017 536 1106 588 tuisse.
1122 537 1239 588 Dusaute
1252 536 1321 592 bello
1334 541 1459 592 saxonico
1471 575 1478 604 ,
1491 541 1559 610 quud
1578 561 1646 596 anuo
1659 547 1759 603 Christi
1773 553 1835 606 80³.
1855 544 1890 596 ³⁴

164 625 244 686 detur,
270 622 331 672 dum
354 622 468 689 singulis
493 619 769 688 capitulstionibusa
801 615 963 686 temporibus
1014 613 1122 672 linitum
1141 617 1272 685 est,fieri
1294 623 1320 672 id
1341 641 1393 677 non
1413 625 1550 686 saluit,et
1569 637 1657 696 postea
1676 632 1736 685 alii,
1756 635 1834 688 nebu,

163 706 239 758 treoli
257 707 288 758 V.
301 707 461 773 promittunt
479 703 651 757 sacratissimi
670 701 809 764 Caesares,
822 716 848 751 se
865 699 964 750 amissa
1015 711 1154 770 oocaspatus
1172 699 1225 754 luit
1244 702 1353 757 Carolus
1364 723 1372 768 ;
1393 706 1442 756 boc
1474 717 1559 758 tamen
1578 721 1693 776 certum,
1715 714 1834 770 carolum
1854 708 1888 760 db

120 784 148 838 lb
162 801 182 838 at
199 789 302 842 alienata
312 787 345 840 ab
364 789 478 860 imperio
494 805 551 842 esse
570 797 783 856 recupereturos3
797 795 823 837 et
838 784 900 836 Otto
914 786 964 838 IV.

160 870 301 924 Fsiderlsur
314 875 354 926 11.
369 890 422 926 non
442 871 584 925 ioieliriter
597 889 663 940 opus
676 870 745 924 istud
761 869 874 940 aggressi
892 878 964 922 aunt.

159 956 222 1006 idem
240 956 446 1010 Maximilionur
464 962 487 1011 1.
518 959 609 1010 Corui.
635 959 667 1010 V.
692 955 903 1010 uastmtttunm
923 957 964 1007 11.

1017 780 1096 838 finito
1117 787 1187 838 bello
1206 788 1330 839 saxonico
1357 791 1469 856 templa,
1491 790 1598 856 sacella,
1619 801 1775 852 monasteria
1796 819 1836 853 ss·

1018 869 1056 921 ria
1074 870 1243 936 condidisse,
1259 871 1366 941 illisque
1387 873 1533 926 sacerdotes
1545 883 1571 926 et
1590 876 1754 946 presbyteros
1765 901 1837 952 prae-

1017 950 1128 1018 lecisse;
1146 954 1191 1022 qni
1219 954 1366 1024 presbyteri
1393 974 1451 1009 cnm
1476 958 1595 1029 episcopi
1624 963 1790 1034 dicerentur,
1814 979 1837 1022 c.

165 1039 307 1106 liudolphus
329 1044 370 1094 11.
397 1041 448 1093 sibi
467 1040 635 1111 proposuisse
660 1037 797 1104 feruntur,
823 1039 881 1090 licat
908 1037 964 1091 lue·
1016 1034 1057 1086 24.
1078 1035 1160 1103 lnpr.
1178 1036 1434 1092 creciacensem
1455 1042 1514 1094 dist·
1534 1042 1576 1094 ild.
1595 1041 1670 1096 lrcile
1689 1051 1773 1101 errori
1792 1068 1840 1102 au·

116 1103 145 1155 ¹⁶
161 1123 209 1174 rial
226 1122 356 1190 impediti.
370 1127 470 1178 Verum
484 1125 506 1176 si
526 1136 559 1177 cx
576 1126 633 1192 jure
650 1123 799 1176 ventilanda
818 1139 860 1176 res
878 1133 964 1189 esset,
1016 1136 1070 1172 sam
1090 1119 1182 1186 dedit,
1195 1123 1333 1190 episcopos
1351 1133 1377 1176 et
1395 1125 1557 1194 episcopatus
1575 1125 1668 1182 Carolo
1688 1149 1722 1182 m.
1742 1132 1838 1187 debere

159 1203 235 1274 quoad
253 1223 343 1260 omnes
357 1208 474 1260 elisiones
488 1207 654 1276 repetendas,
666 1205 727 1258 licet
738 1207 822 1275 quoad
842 1209 964 1275 quasdam
1014 1205 1159 1272 originem:
1175 1205 1224 1258 hoo
1238 1207 1425 1272 concedimus,
1438 1225 1469 1260 ex
1491 1211 1598 1280 templis
1619 1223 1645 1263 et
1664 1217 1767 1268 sacellis
1780 1219 1837 1271 istis
1857 1209 1893 1260 36

114 1284 143 1334 ¹¹¹¹
157 1292 238 1354 aliter,
253 1292 321 1359 juria
340 1293 409 1344 ratio
429 1289 560 1346 deficeret.
579 1291 647 1344 Nam
672 1302 732 1342 sunt
756 1289 965 1360 pacificationes,
1016 1289 1147 1340 saxonicis
1167 1291 1313 1342 surrexisse
1331 1291 1497 1362 episcopatus
1509 1329 1514 1356 ,
1528 1293 1595 1363 quud
1610 1307 1634 1348 et
1647 1299 1836 1369 Egr'ulmrdum
1856 1295 1892 1346 ³⁷

160 1373 244 1442 quihus
263 1391 318 1428 noo
336 1393 434 1446 paucae
451 1395 539 1430 earum
560 1376 749 1439 includuntur,
761 1387 785 1428 st
804 1384 873 1427 retae
892 1373 965 1426 babi-

115 1449 144 1500 ¹8
161 1468 195 1510 tae
209 1467 267 1510 suut
285 1460 314 1512 in
333 1461 463 1514 comitiis.
483 1462 540 1514 imo
558 1461 581 1512 si
604 1459 819 1530 capitulatiouum
838 1475 963 1512 caesarea-

158 1557 206 1594 rum
224 1542 275 1596 aim
296 1545 528 1613 introspiciamus,
555 1545 707 1614 nentiquam
731 1543 758 1594 id
782 1542 887 1608 solunt,
908 1545 967 1597 soil.

159 1623 301 1682 donationes
319 1629 383 1680 istas
409 1644 442 1680 ex
460 1628 510 1680 hoo
527 1629 658 1698 promisso
678 1627 833 1696 repetendas
853 1643 923 1680 esse:
943 1647 967 1682 e.

115 1695 178 1776 ¹93·
194 1708 284 1764 Corui.
316 1713 348 1764 V.
373 1729 429 1783 ocp.
448 1713 475 1765 t).
492 1713 669 1777 adducemus,
688 1729 739 1780 quo
765 1728 824 1764 cum
843 1713 964 1766 ooorenit

155 1794 317 1848 sacratissimi
343 1795 476 1864 leopold.
499 1795 610 1866 capitul.
634 1798 657 1862 ς.
683 1795 728 1847 12.
757 1793 852 1864 quibus
881 1805 966 1850 certor

159 1880 332 1932 tmturaoodo
349 1879 520 1949 principatus
540 1879 697 1932 orditiones
721 1895 749 1930 se
773 1889 967 1947 recuperaturos

155 1963 321 2030 promittunt,
339 1965 408 2034 quod
429 1981 481 2018 non
501 1963 554 2015 nisi
572 1979 647 2032 repre
666 1963 697 2014 ad
724 1973 829 2014 cunctas
848 1963 966 2014 donatio·

109 2053 140 2106 20
157 2059 196 2096 nea
211 2045 377 2102 extenditur.
398 2048 450 2102 Sed
469 2049 597 2118 quicquid
617 2048 670 2113 sit,
689 2046 738 2100 boc
755 2057 872 2109 certum,
885 2061 916 2096 ex
930 2047 967 2097 in·

157 2131 302 2200 tempestiva
320 2133 407 2201 aliqua
422 2133 604 2186 misericordia
617 2153 630 2185 a
644 2135 732 2184 seculo
746 2133 774 2182 in
789 2130 901 2184 seculum
913 2129 969 2183 iere

108 2221 134 2272 ll
155 2215 179 2266 ἱιι
193 2216 305 2270 nimium
323 2219 469 2271 excrevisse
483 2219 647 2272 eeclesiarum
663 2219 795 2280 redditusr
807 2226 834 2270 et
850 2219 967 2287 quamvis

154 2298 225 2352 bodie
244 2301 314 2371 prob
333 2298 424 2355 dolor!
440 2303 472 2355 da
489 2304 572 2354 nimia
591 2303 746 2355 liberalitrte
764 2303 792 2352 in
812 2301 968 2352 ecclesiasti·

1016 1371 1252 1438 diligentissimum
1272 1374 1429 1442 scriptorem
1451 1376 1536 1428 Caroli
1565 1381 1678 1432 sensisse
1696 1384 1844 1452 putamus,

1016 1455 1060 1523 qui
1082 1458 1235 1526 templorum
1255 1475 1269 1509 a
1288 1457 1380 1510 Carolo
1393 1459 1558 1512 conditorum
1578 1463 1739 1516 mentionem
1760 1465 1836 1534 lucit,

1018 1541 1147 1591 uuilorurn
1161 1551 1246 1592 autem
1266 1543 1463 1612 episcopatuum
1473 1560 1480 1606 ι
1492 1563 1557 1614 qnos
1570 1547 1591 1596 si
1610 1549 1773 1602 condidisset
1788 1555 1834 1602 im·

1019 1633 1139 1692 perator,
1159 1625 1240 1678 dubio
1266 1629 1356 1696 procul
1376 1643 1427 1678 non
1453 1631 1601 1683 omisisset:
1621 1631 1724 1702 plurib.
1738 1636 1835 1688 videsis

1016 1706 1079 1760 lob.
1096 1708 1201 1778 Grypb.
1218 1709 1248 1762 r'n
1266 1714 1360 1765 coloss.
1385 1711 1536 1767 ll'er'eltbr'ld.
1563 1731 1586 1768 c.
1605 1717 1647 1766 29.
1665 1735 1714 1783 per
1736 1720 1830 1788 integr.

1018 1793 1155 1848 Caeterum
1177 1797 1241 1848 hona
1257 1797 1429 1850 ecclesiastiea
1449 1817 1500 1852 nou
1519 1801 1601 1853 solum
1621 1803 1763 1857 admodum
1778 1807 1835 1875 pin·
1855 1809 1890 1861 38

1016 1879 1075 1945 guia
1095 1880 1123 1929 in
1142 1878 1241 1946 clerum
1261 1883 1385 1933 translata
1411 1891 1490 1946 sunt,
1511 1882 1554 1934 scd
1568 1885 1643 1937 etiam
1663 1887 1697 1940 ob
1717 1891 1835 1942 eamdem

1018 1963 1226 2015 misericordiam
1247 1965 1400 2035 principum
1419 1967 1506 2018 omnis
1534 1968 1666 2037 sectigalis
1685 1981 1711 2022 et
1731 1971 1840 2024 tributo-

1018 2063 1075 2099 rum
1095 2049 1303 2116 pronunciantur
1319 2051 1438 2118 expertia
1458 2068 1481 2103 e·
1505 2050 1528 2102 l.
1550 2069 1617 2104 serr.
1630 2071 1684 2123 quo
1697 2055 1766 2107 circo
1778 2073 1800 2107 e.
1814 2059 1842 2108 ·1.

1022 2131 1095 2183 ende
1107 2134 1243 2186 r‘mmunr't.
1255 2134 1443 2200 ecclesiarum,
1463 2145 1485 2187 et
1504 2155 1518 2187 a
1540 2136 1725 2202 jurisdictione
1743 2143 1840 2193 seculu-

1018 2231 1088 2267 rrnm
1106 2219 1180 2270 omni
1200 2217 1336 2270 coluerunt
1354 2235 1409 2270 esse
1429 2235 1521 2286 exemp
1531 2226 1575 2284 tu,
1593 2221 1788 2290 quamprimum
1810 2225 1840 2275 in

1017 2301 1153 2352 ecclesiam
1183 2301 1224 2353 sel
1246 2301 1372 2353 clericum
1400 2301 1594 2354 transferretur.
1616 2301 1645 2353 h.
1672 2302 1786 2358 llarbosa
1806 2309 1838 2359 sle

153 2399 193 2436 ons
210 2395 234 2438 et
258 2387 401 2441 ecclesium
426 2386 615 2450 christianam,
635 2387 786 2456 praesertim
813 2394 967 2454 augustanae
1011 2381 1076 2452 jure
1095 2384 1157 2435 ecel.
1176 2385 1222 2436 lib.
1237 2389 1262 2435 1.
1278 2403 1299 2438 o.
1313 2387 1358 2438 ³9.
1377 2391 1399 2448 ς.
1414 2387 1437 2437 ll.
1457 2403 1485 2435 n.
1504 2385 1545 2436 35.
1565 2385 1654 2450 Adeo,
1676 2395 1702 2438 ut
1724 2399 1831 2456 urgente
1850 2401 1885 2451 39

152 2463 323 2522 muiessionis
347 2481 499 2535 consortes,
517 2471 640 2541 conqueri
661 2489 713 2524 nou
740 2471 868 2533 nahason
887 2469 966 2534 adeo,

153 2563 179 2602 ut
194 2553 233 2604 sel
248 2569 319 2608 noro
339 2553 510 2609 eoosuostoo
528 2573 596 2624 opos
614 2556 667 2620 sit,
685 2558 759 2622 cujus
771 2553 890 2622 suspicio
908 2553 964 2605 red·

153 2633 218 2686 ditas
243 2638 392 2707 aliquarum
416 2640 584 2691 ecclesiarum
604 2639 767 2692 incrementa
797 2655 862 2691 nora
881 2655 965 2689 surae·

107 2717 136 2767 22
152 2727 222 2785 rente
240 2722 314 2790 apud
332 2737 458 2774 romanae
476 2733 564 2774 tamen
589 2723 715 2774 ecelesiae
732 2729 864 2772 consortes
882 2721 966 2773 clerus

107 2801 137 2852 ²³
153 2817 198 2852 non
217 2815 272 2872 eget
289 2815 317 2856 et
337 2803 419 2869 forta,
432 2805 499 2874 quod
519 2805 631 2858 lacobus
651 2807 759 2872 hnpliae
777 2819 823 2857 rex
842 2805 906 2856 olins
927 2819 965 2856 as-

151 2885 228 2938 seruit
248 2889 277 2940 in
297 2889 435 2958 apologia,
453 2889 537 2941 adbuc
560 2907 624 2943 sano
649 2907 727 2943 sensu
753 2890 889 2960 probatum
909 2889 965 2943 dari

38 3031 39 3036 ¹
150 2979 248 3037 posset,
275 2972 383 3026 tertiam
410 2983 511 3043 partem
538 2975 629 3043 populi
658 2985 790 3044 terraeque
821 2991 908 3044 regum
940 2984 967 3028 et

107 3071 135 3122 ῃ
152 3056 302 3125 principum
322 3073 378 3109 esse
404 3057 537 3109 ecclesus.
553 3057 687 3120 Veneriis,
701 3058 740 3107 eei
761 3059 787 3108 in
809 3057 908 3126 republ.
922 3073 966 3108 re·

38 3163 40 3190 t
151 3151 204 3188 ueta
220 3140 330 3204 elericos
347 3143 486 3210 quotannis
502 3157 649 3193 annuorum
664 3139 813 3191 reddituum
828 3141 882 3191 loco
898 3143 966 3192 ultra

38 3195 40 3234 ³
104 3222 209 3290 25120.
229 3223 365 3292 Myriades
384 3241 520 3277 numerare
549 3241 623 3291 posse
648 3223 771 3276 historiae
794 3223 916 3276 referunt.
934 3225 964 3276 lu

38 3291 39 3382 l
148 3302 242 3358 Galliis
252 3308 286 3358 ad
302 3307 347 3357 82.
362 3308 494 3360 millioues
511 3317 666 3361 scutatorum
678 3308 741 3360 cleri
755 3306 870 3360 redditus
882 3323 966 3361 ascen·

38 3385 39 3448 l
104 3403 134 3454 κ
151 3389 208 3441 dere
227 3393 377 3443 memoriae
396 3389 530 3460 proditum
544 3401 599 3454 ests
612 3391 677 3460 quid
692 3392 719 3442 ln
732 3391 890 3455 Germania,
902 3409 966 3461 quae

149 3491 208 3541 prae
224 3477 339 3530 caeteris
352 3477 477 3527 omnibns
496 3473 618 3542 gentibus
638 3475 765 3542 singulari
785 3473 893 3542 quadam
916 3479 964 3527 mi·

150 3557 291 3610 sericordia
318 3569 343 3612 et
367 3557 460 3610 affectu
486 3559 513 3609 in
541 3561 688 3611 sacerdotes
712 3569 737 3608 et
759 3572 827 3609 sacra
848 3555 967 3620 flagravit

148 3637 229 3690 sdhuc
248 3641 370 3703 barbara,
384 3641 508 3692 ecclesiae
524 3651 547 3694 et
560 3655 692 3694 sacrorum
712 3640 835 3693 redditus
847 3640 899 3693 sihi
915 3644 967 3695 ain·

103 3723 133 3772 di
151 3725 236 3776 dicare
254 3723 353 3794 putas?
371 3727 441 3778 Olim
460 3725 540 3780 abbrs
560 3725 763 3780 Schonoaicnsis
778 3727 804 3778 iu
824 3729 967 3795 palatinatu

103 3815 132 3868 κ
148 3807 263 3862 redditus
276 3809 398 3862 electoris
416 3809 525 3878 palatini
540 3810 694 3872 numeravit.
709 3809 801 3863 Simon
815 3811 965 3863 Wolderos

147 3889 316 3944 Perdinando
334 3893 355 3942 l.
370 3893 438 3960 imp.
448 3890 567 3944 comitiis
591 3892 753 3959 augustanis,
768 3891 837 3943 unda
850 3892 967 3946 subsidia

147 3975 266 4029 adsersus
278 3977 380 4029 Turess
395 3975 521 4029 facillimo
534 3977 637 4042 negotio
656 3989 743 4044 petere
762 3973 968 4044 possit'demon·

145 4069 286 4122 straturus,
310 4059 488 4112 minoritarnrn
511 4059 728 4111 monasteriorum
750 4059 847 4111 loono.
865 4078 968 4115 enume-

146 4141 225 4208 rarit,
241 4143 422 4212 ordinumque
439 4142 707 4209 augustinianorum,
728 4143 965 4200 dominicanorum·

146 4243 193 4294 que
211 4233 237 4280 et
257 4226 455 4278 carmelitarum
476 4227 519 4278 rix
545 4227 664 4294 pauciora
693 4227 838 4290 recensuit,
857 4239 882 4280 et
908 4249 965 4284 curn

149 4312 175 4361 in
193 4313 372 4374 universum,
388 4311 504 4381 exceptis
523 4309 705 4362 canonicorum
718 4311 900 4382 virginumque
918 4317 965 4367 sol·

105 4389 134 4440 29
151 4394 240 4462 legiis,
260 4407 286 4447 et
309 4382 429 4448 ecclesiis
448 4392 656 4464 parochialibus,
675 4395 782 4448 ordines
806 4399 849 4448 72,
874 4417 966 4468 suppo-

148 4481 254 4543 suisset,
273 4479 311 4532 sd
329 4479 412 4533 vicies
430 4487 539 4531 centena
566 4477 647 4532 millia
669 4495 806 4533 numerum
832 4499 967 4550 assurgere

149 4564 271 4632 opinatus
292 4573 340 4615 est.
368 4563 397 4616 Si
415 4564 527 4634 quisque
548 4561 614 4615 ordo
638 4577 720 4614 nuum
742 4564 832 4615 saltem
854 4564 965 4622 militem

1018 2464 1189 2529 necessitate,
1209 2468 1321 2536 reipubl.
1348 2467 1517 2520 facultatibus
1546 2483 1596 2519 uon
1623 2473 1836 2539 suppetentibus,

1016 2546 1121 2598 demum
1141 2552 1264 2603 consulto
1283 2547 1411 2620 pontifice
1424 2567 1455 2604 ex
1471 2551 1506 2600 iis
1525 2553 1641 2604 succurri
1661 2553 1774 2605 «luberet.
1788 2557 1835 2606 Ast
1855 2567 1890 2619 ,ιο

1017 2631 1057 2680 sio
1075 2631 1209 2682 noluerunt
1228 2629 1360 2702 pontilicis
1377 2633 1500 2694 asseclae,
1513 2641 1541 2683 et
1559 2637 1622 2688 iude
1639 2637 1666 2688 in
1680 2639 1768 2706 regnis
1779 2640 1836 2708 qni-

1017 2717 1128 2769 bosdatn
1148 2729 1172 2768 et
1193 2718 1343 2787 regionibus
1363 2733 1410 2769 usu
1430 2726 1563 2788 receptum
1584 2729 1636 2784 est,
1651 2729 1677 2770 ut
1697 2723 1776 2772 etiam
1798 2742 1836 2776 re·

1016 2815 1059 2869 ges
1078 2811 1104 2853 et
1123 2802 1258 2872 principes
1277 2803 1344 2855 serio
1364 2801 1564 2870 prohibuerint,
1584 2819 1617 2854 ne
1642 2805 1755 2872 amplum
1776 2826 1833 2876 pos-

1018 2885 1148 2936 sessiones
1168 2886 1194 2935 in
1214 2886 1313 2938 elerum
1335 2885 1548 2937 transferrentur.
1562 2884 1682 2938 Bodinus
1701 2889 1745 2941 lib.
1763 2891 1787 2942 d.
1803 2894 1834 2946 de

1017 2969 1114 3032 republ.
1133 2987 1156 3023 o·
1175 2971 1198 3020 2.
1220 2970 1338 3021 Annaeus
1357 2969 1489 3022 ttobsrtm
1506 2970 1551 3021 lib.
1573 2971 1597 3020 2.
1618 2987 1669 3024 rer.
1685 2973 1747 3044 jud.
1766 2992 1789 3025 c.
1809 2975 1836 3024 2.

1020 3055 1064 3106 Sic
1084 3055 1111 3105 in
1130 3053 1221 3108 ducatu
1240 3055 1378 3122 juliacensi
1397 3073 1466 3106 anno
1487 3055 1563 3107 1500.
1577 3055 1600 3107 d.
1621 3055 1646 3108 3.
1665 3060 1762 3110 octobr.
1782 3061 1834 3110 edi-
1854 3058 1888 3112 lt

1016 3151 1058 3190 cto
1083 3139 1248 3207 prohibitum
1277 3138 1341 3203 fuit,
1361 3139 1471 3208 nequis
1498 3139 1578 3209 possit
1599 3139 1664 3192 bona
1686 3143 1833 3196 immobilia

1015 3219 1118 3270 clericis
1142 3233 1168 3272 et
1187 3221 1310 3272 ecclesiae
1339 3221 1501 3289 hypothecae
1528 3223 1660 3290 obligare,
1681 3226 1717 3277 sel
1741 3227 1768 3276 in
1789 3244 1832 3278 eos

1016 3285 1141 3367 siienarer
1161 3305 1215 3354 imo
1233 3305 1339 3372 imperii
1359 3315 1457 3368 status,
1477 3305 1664 3356 interceptum
1685 3311 1832 3374 gr'uvnmina
1853 3315 1890 3368 52

1017 3387 1182 3452 permonicse
1201 3387 1316 3438 nationis
1334 3386 1454 3439 adsersus
1473 3388 1560 3439 sedem
1575 3404 1723 3452 romanam,
1739 3397 1834 3446 oratori

1017 3463 1151 3536 pontificis
1170 3469 1197 3518 io
1210 3467 1327 3522 comitiis
1348 3469 1448 3520 noricis
1466 3471 1614 3538 gremmine
1632 3474 1833 3541 quadragesimo

1019 3567 1042 3600 a·
1063 3549 1145 3602 1523.
1166 3551 1347 3620 proposuisse,
1367 3563 1393 3603 ιιι
1413 3553 1563 3604 abstineant
1587 3556 1674 3607 clerici
1695 3557 1727 3608 ab
1745 3561 1835 3628 acqui·

1020 3635 1109 3685 randis
1138 3645 1159 3684 et
1187 3634 1349 3686 redimendis
1376 3634 1557 3688 immobilibus
1587 3639 1729 3704 laicorum,
1753 3643 1835 3696 relert

1017 3715 1124 3785 Casprr.
1143 3716 1236 3768 Glork.
1256 3717 1520 3772 decontru'butr'onr'b.
1534 3722 1619 3774 eoncl.
1636 3724 1679 3775 33.
1692 3725 1733 3774 ls't.
1752 3725 1776 3776 d.
1796 3728 1831 3780 Eu
1851 3742 1886 3794 43

1019 3817 1078 3852 sero
1107 3801 1172 3853 hona
1199 3801 1387 3868 ecclesiastica,
1406 3822 1470 3874 qnae
1495 3805 1526 3858 ad
1548 3809 1764 3862 sustentationem
1787 3819 1834 3867 mi·

1018 3886 1159 3938 nistrorum
1185 3888 1326 3952 ecclesiae,
1344 3897 1371 3938 et
1400 3890 1428 3940 in
1448 3907 1520 3942 usnm
1546 3907 1697 3958 sacrorum,
1717 3899 1835 3952 ecclesiis

1018 3969 1056 4018 rel
1074 3969 1179 4021 clericis
1198 3981 1256 4023 sunt
1277 3971 1386 4034 donata,
1402 3983 1427 4022 et
1447 3989 1575 4025 consenso
1593 3991 1699 4041 eorum,
1718 3979 1749 4030 ad
1769 4001 1833 4051 quoa

1018 4051 1065 4102 hoc
1090 4054 1129 4118 jus
1156 4063 1270 4122 spectat,
1290 4055 1439 4124 principum
1467 4057 1522 4108 scil.
1551 4058 1696 4124 territorii,
1715 4078 1832 4132 crcnspta

1020 4135 1115 4188 merito
1141 4157 1153 4189 a
1181 4137 1285 4190 tributis
1311 4150 1337 4190 et
1361 4141 1484 4192 oneribus
1510 4141 1636 4210 publicis,
1659 4155 1683 4196 et
1705 4145 1832 4202 immunia

1018 4233 1170 4285 cementum
1200 4239 1251 4274 non
1283 4223 1366 4290 magis
1395 4226 1493 4293 quippe
1522 4244 1536 4277 a
1562 4225 1658 4278 talibus
1685 4229 1759 4282 bouis
1782 4235 1828 4284 tri·
1851 4237 1885 4288 ll

1019 4307 1074 4356 buta
1101 4307 1254 4374 eriguntur,
1278 4323 1354 4373 quam
1382 4305 1413 4358 ab
1439 4307 1612 4376 eleemosynis
1637 4307 1722 4372 aliis,
1740 4331 1829 4382 qnem-

1017 4389 1155 4441 admodum
1187 4391 1320 4442 lutherus
1348 4387 1378 4442 ad
1412 4389 1566 4444 ministrum
1587 4391 1727 4462 quemdam
1762 4399 1884 4458 acrbils

1019 4473 1102 4522 dirini
1123 4470 1252 4534 aulicum,
1272 4471 1393 4524 adserens
1419 4473 1567 4540 exigentem
1594 4475 1723 4529 tributum
1746 4500 1759 4530 a
1784 4483 1833 4532 roi-

1017 4555 1109 4608 nistris
1132 4553 1276 4622 ecclesiae,
1303 4554 1441 4624 ·cripsisse
1468 4555 1551 4609 iertur
1585 4567 1650 4609 tom.
1681 4560 1707 4612 ·t.
1724 4563 1835 4634 jeneus.

143 4643 307 4698 Germaniae
330 4645 403 4698 saluti
432 4647 508 4698 daret
533 4653 558 4698 et
580 4644 677 4711 aleret,
702 4661 800 4698 numne
823 4645 965 4703 Germania
1006 4639 1066 4710 svl-
1090 4639 1150 4691 lll-
1174 4637 1209 4690 Εῑ
1230 4639 1292 4692 lnde
1316 4637 1411 4708 Carpe.
1437 4641 1466 4693 in
1492 4640 1642 4713 jurisprud.
1672 4647 1764 4698 eccles.
1789 4649 1834 4702 lib.

145 4731 208 4792 josto
223 4729 318 4798 aliquo
335 4728 469 4789 exercito,
489 4725 615 4781 terribilis
635 4725 700 4781 iorer
718 4728 815 4782 exteris
831 4731 962 4786 omnibns.

100 4811 193 4866 soror
211 4825 359 4885 proventus
378 4815 405 4864 in
430 4811 574 4864 Germania
593 4812 680 4864 clerus
708 4811 800 4875 habet,
819 4813 878 4865 licat
898 4813 966 4868 unde

100 4897 128 4948 dl
147 4897 237 4950 babeat
256 4899 318 4950 data
336 4915 414 4966 opera
434 4911 512 4965 saepe
531 4895 558 4946 in
578 4897 679 4948 incerto
702 4897 746 4947 sit.
764 4897 849 4964 Vulgo
875 4895 960 4952 lerunt

143 4979 266 5036 Carolum
286 4981 327 5032 hl.
347 4983 373 5032 in
393 4978 536 5032 Germania
556 4979 648 5030 multos
672 4977 838 5047 episcopatus
863 4983 950 5034 erexis

100 5063 131 5112 di
146 5078 186 5127 se,
204 5077 231 5119 er
248 5062 394 5135 pinguibus
412 5059 551 5115 admodum
573 5059 719 5112 redditibus
738 5061 849 5113 auxisse.
873 5067 961 5117 Veluti

144 5147 326 5218 episcopatum
346 5145 577 5213 osnabrugensem,
605 5143 863 5206 halberstadensem,
885 5166 962 5219 myn-

144 5230 267 5294 rlesasem,
294 5231 470 5293 bremensem,
492 5229 759 5298 paderbornensem,
779 5229 960 5299 werdensem,

146 5317 403 5385 ‚augustanorum
417 5325 466 5366 eto.
479 5313 618 5381 dequibus
634 5311 716 5363 rideri
732 5315 827 5382 poterit
839 5313 964 5369 Wesner.

146 5399 304 5454 holerinolr.
322 5399 355 5452 de
366 5399 451 5452 Laud·
475 5397 612 5452 ll'estelrul.
624 5397 670 5450 tit.
688 5397 713 5446 2.
725 5415 747 5448 o·
761 5399 785 5451 8.
800 5399 921 5466 Leopold.
933 5403 965 5456 de

147 5483 312 5554 babenberg.
330 5483 362 5537 de
375 5484 431 5536 zelo
444 5479 668 5548 cotbulicoefider‘
677 5489 799 5534 ueterum
812 5481 964 5548 principum

99 5565 129 5620 bl
148 5569 329 5624 Germaniae.
343 5566 496 5620 Verisimile
513 5575 599 5617 temen
622 5565 703 5634 magis
720 5577 758 5618 est
783 5585 800 5616 o
817 5565 910 5622 Cnsol.
931 5584 967 5617 sn.

142 5671 175 5706 ne
192 5671 276 5708 onum
299 5651 478 5722 episcopatum
495 5649 522 5702 in
541 5647 653 5703 Sarouia
671 5647 806 5704 conditum
827 5667 900 5721 esse;
916 5669 962 5705 nec

1018 4727 1043 4776 2.
1070 4721 1124 4793 defi
1143 4725 1204 4776 ³08.
1223 4740 1250 4774 n.
1272 4724 1313 4776 to.
1342 4723 1454 4792 Quando
1481 4740 1541 4776 sero
1564 4725 1695 4794 ccclesia,
1714 4729 1765 4782 alia
1784 4729 1835 4783 sibi
1854 4749 1889 4803 pp

1017 4807 1083 4860 boue
1114 4818 1262 4877 comparet,
1281 4809 1428 4860 attrloritate
1454 4808 1602 4878 principum
1629 4813 1763 4864 territorii
1783 4833 1835 4868 nou

1015 4891 1297 4962 exempta,oneribus
1316 4901 1341 4942 et
1367 4889 1474 4944 tributis
1498 4893 1612 4947 realibus
1642 4914 1693 4947 nou
1726 4911 1834 4966 possunt

1015 4991 1065 5026 uon
1085 4973 1195 5042 subjici,
1215 4973 1324 5042 quibus,
1342 4985 1478 5044 antequam
1498 4977 1529 5028 ad
1549 4981 1686 5030 ecelesiam
1716 4981 1754 5034 roi
1773 4985 1831 5048 ejus

1015 5057 1153 5110 ministros
1173 5064 1358 5126 pervenerunt,
1371 5055 1476 5112 fuerunt
1490 5061 1614 5126 subjectu.
1629 5061 1745 5116 drulreas
1759 5065 1830 5116 Kni-

1013 5147 1089 5198 chen.
1108 5141 1141 5197 de
1156 5141 1242 5210 pactis
1260 5142 1404 5196 incessitur.
1421 5163 1447 5209 p.
1468 5144 1492 5195 2.
1512 5147 1537 5196 3.
1557 5165 1585 5197 n.
1605 5148 1648 5199 98.
1667 5147 1753 5201 istest.
1766 5149 1830 5203 Eac-

1015 5229 1102 5281 rhard.
1120 5225 1216 5280 consil.
1236 5226 1278 5276 30.
1299 5245 1326 5278 n.
1346 5227 1388 5276 25.
1408 5227 1546 5296 Quomodo
1563 5231 1634 5280 enim
1651 5233 1750 5300 privati
1763 5235 1828 5288 bona
1848 5241 1883 5294 Π
1968 5261 1971 5280 ι

1014 5329 1057 5364 sna
1076 5313 1160 5382 elogio
1178 5309 1307 5378 aliquota
1322 5312 1455 5361 ecclesiam
1472 5313 1509 5362 rel
1524 5313 1578 5376 eius
1592 5313 1730 5370 ministros
1746 5329 1829 5372 trans·

1013 5397 1126 5450 serentes
1146 5415 1158 5445 a
1177 5397 1234 5462 jure
1258 5403 1284 5444 et
1313 5404 1441 5463 potestate
1458 5395 1568 5446 seculari
1588 5397 1752 5468 eximerent,
1772 5405 1831 5473 qui-

1015 5481 1077 5544 bns,
1096 5481 1180 5548 praelis
1199 5479 1252 5530 suis
1271 5479 1350 5542 alias,
1382 5479 1423 5546 jus
1457 5477 1590 5546 publicum
1619 5484 1756 5539 irntuutare
1775 5503 1829 5542 non

1014 5559 1096 5618 licet?
1110 5563 1177 5616 Bona
1195 5563 1220 5612 in
1235 5571 1373 5614 catastrum
1383 5563 1462 5614 semel
1477 5561 1605 5634 descripta
1620 5580 1745 5640 perpetuo
1758 5569 1829 5623 obli·

1012 5659 1068 5720 gata
1088 5659 1207 5712 manent,
1229 5645 1281 5697 nisi
1301 5647 1358 5714 ejus
1377 5646 1530 5700 arroteritate
1548 5647 1739 5718 subducantur,
1755 5655 1827 5722 cujas
