4450 6220
382 281 440 344 iill‘
830 282 1019 342 ntsrttt'ttr.
1039 283 1111 340 xlx.
1129 283 1235 340 retr.
1253 279 1276 340 1.
1296 281 1414 342 CAPUT
1431 282 1502 338 lll.'
1614 290 1624 310 “
1913 285 1974 344 118

325 383 470 440 solventem
489 381 542 436 nisi
560 377 772 434 extraordinerie
788 391 813 434 et
831 379 860 430 in
879 379 1026 432 subsidium
1054 395 1146 433 coece·
1197 379 1302 435 iondete
1319 384 1389 435 ectio
1406 381 1464 436 sit?
1483 380 1513 436 Si
1532 378 1561 433 in
1579 381 1703 452 qnnpieer
1721 378 1808 436 seriie
1826 381 1946 437 ictorum
1958 383 2032 452 opi-e

328 474 414 526 detur.
436 467 576 522 decursius
596 467 633 522 cd
646 465 664 516 i.
675 475 779 517 tutores
790 463 830 518 iit.
843 483 871 534 p.
879 463 920 531 ff.
934 465 966 516 de
976 463 1092 517 condiet.
1104 463 1146 516 in-
1197 467 1290 518 niones
1308 475 1379 531 suot,
1397 484 1459 520 sene
1477 466 1506 518 in
1525 466 1574 518 lroe
1585 476 1755 520 concurrunt.
1767 464 1870 520 Beetoli
1889 469 2024 530 sententie

326 553 385 608 tbi.
403 553 455 605 Sed
473 553 496 603 si
517 551 619 612 dolum,
641 549 718 601 veluti
737 549 807 618 qood
824 551 866 616 jus
886 549 1058 616 igonrseerit‘,
1072 549 1149 619 quole
1196 547 1298 614 legibus
1316 565 1369 601 nou
1386 547 1451 600 edeo
1468 549 1611 613 owsentit,
1629 545 1766 611 Fulposios
1782 557 1810 598 et
1827 545 1967 600 &menne
1978 565 2024 615 ee-

324 635 377 688 sibi
398 633 535 702 vigilentie
557 633 623 686 elter
640 631 829 699 queesisisset,
850 642 875 684 et
894 649 925 684 eo
942 631 973 678 ed
994 633 1063 695 qinod
1081 633 1148 681 oldi-
1198 633 1271 682 oium
1292 633 1374 684 nimis
1391 634 1474 686 scruti
1492 633 1543 686 risi
1561 641 1631 686 sunt.
1653 629 1756 682 Aiiliet.
1769 629 1917 683 Gremmet.
1930 642 1956 683 et
1969 629 2023 684 Ge·

326 727 403 786 gutur
420 716 584 780 exsolvisset,
604 731 656 766 non
675 714 749 783 queri
770 714 883 764 soluerit
901 710 1012 762 eiterum
1028 713 1149 780 pretione
1199 717 1247 782 pit.
1265 719 1407 786 eequitetie
1426 735 1505 786 quere
1527 717 1596 782 iuris
1613 731 1736 784 expresse
1748 714 1830 766 cleriei
1851 713 2025 770 studiosioeen

326 796 437 868 qrredum
458 798 570 866 prirere.
591 813 703 864 porgere
721 796 815 862 possit,
835 809 909 860 segre
928 792 990 844 inde
1009 794 1149 848 tenebiturr
1201 811 1269 853 sunt.
1292 803 1338 852 dst
1354 803 1513 870 opinionum
1534 799 1706 852 iundemente
1725 797 1871 866 singulen'e
1889 797 2024 852 eunice.

327 898 376 934 uec
394 879 532 934 iundetunr
550 876 711 928 crediderim
731 877 789 942 jus,
808 876 960 945 ignorantes
978 893 1027 945 pro
1045 878 1151 930 scienti·
1200 900 1245 945 ee,
1266 901 1315 938 neo
1334 887 1467 954 propani
1485 885 1566 946 meo,
1587 899 1635 936 m
1653 881 1793 935 melenriu.
1819 888 1945 950 emme.
1963 893 2025 949 1³⁶¹·

325 965 375 1020 bes
393 966 494 1030 heberi,
512 964 571 1016 iicet
589 962 658 1014 nulle
677 963 752 1031 culpe
769 973 921 1028 concurret,
938 963 980 1016 sei
999 964 1091 1034 supine
1105 981 1149 1018 ne·

325 1050 455 1119 gligentie
474 1046 579 1110 militen
599 1044 744 1098 inierim
760 1043 784 1094 8.
797 1061 820 1095 c.
834 1045 871 1097 cd
884 1043 902 1096 l.
917 1043 1022 1112 sulcid.
1043 1047 1152 1115 peculie-

325 1133 367 1186 ris
385 1135 460 1196 retio,
478 1130 547 1199 qnod
567 1131 608 1198 jus
628 1131 779 1197 ignorentes
793 1145 845 1180 non
860 1141 988 1198 repetent,
1006 1129 1150 1200 depreisen·

326 1217 414 1278 ditur,
433 1217 495 1285 quir
513 1213 602 1264 obstet
620 1214 751 1266 netnrelis
768 1212 910 1280 obligetio.
937 1212 1095 1267 l‘rentciriue
1114 1215 1154 1270 nd

327 1299 368 1354 tit.
386 1298 421 1352 tie
441 1297 522 1352 cnud.
540 1295 631 1350 itsded.
649 1315 726 1352 nem.
753 1297 798 1348 ³6.
824 1297 935 1363 sete-do
960 1308 1063 1367 preeter
1082 1298 1151 1352 dicte

329 1383 360 1436 in
372 1381 522 1450 iudyrr'ntle.
535 1381 608 1434 cred.
635 1381 660 1432 8.
682 1399 711 1448 μ.
733 1381 759 1434 8.
774 1397 848 1434 num.
866 1381 909 1433 89.
928 1391 1019 1434 contre
1036 1380 1152 1433 edmini-

328 1476 467 1522 stretnrem
486 1477 655 1536 praepostere
674 1467 825 1528 solventem,
846 1468 886 1520 rei
905 1467 978 1535 ipsos
997 1468 1152 1535 posteriores

328 1553 471 1606 „aditores
487 1551 617 1607 sotionem
635 1550 741 1604 elcetite
765 1550 901 1615 concedite
919 1564 952 1600 ex
976 1566 1026 1618 qno
1051 1549 1152 1604 retione

329 1633 381 1688 hoe
406 1651 467 1686 ceso
493 1647 582 1688 contre
607 1635 745 1688 heeredem
767 1629 959 1701 gretiiicentem
984 1635 1091 1702 seqrele
1111 1637 1153 1703 jue

331 1715 417 1771 lieret.
433 1719 532 1771 Verum
551 1717 581 1769 in
598 1730 706 1788 utroque
723 1720 789 1770 tnibi
808 1718 931 1772 recillere
950 1720 1078 1770 sententie
1089 1719 1150 1774 etse

332 1801 436 1856 liuttici
453 1803 551 1873 qnippe
568 1803 619 1854 elie
638 1814 728 1856 contre
747 1803 818 1854 dicto
838 1803 918 1855 modo
942 1799 1149 1870 gretiiceoten,

330 1905 409 1955 quens
428 1887 456 1937 in
475 1884 572 1938 lecturo
593 1887 633 1938 sel
651 1887 683 1938 de
702 1886 761 1940 dolo
780 1897 888 1958 epperet
905 1888 989 1951 ectio,
1009 1887 1073 1939 eiies
1090 1891 1150 1940 nul-

328 1972 385 2022 lutn
405 1971 556 2038 negotium,
579 1989 627 2023 nco
646 1971 722 2024 tecite
741 1972 900 2033 consentio,
922 1973 991 2024 inter
1010 1972 1150 2026 solventem

328 2064 355 2110 et
373 2054 601 2117 concrederem,
621 2055 649 2106 io
667 2058 740 2123 cujus
756 2055 945 2125 praejudicinm
965 2053 1150 2124 gredientem,

327 2137 486 2201 intervenit,
505 2139 544 2190 rel
561 2147 653 2190 contre
672 2153 758 2190 rerum
779 2151 897 2191 notorem
918 2135 983 2206 fingi
1004 2151 1096 2208 potest,
1109 2158 1150 2208 pe·

329 2220 435 2276 cuniem
455 2221 566 2272 solotem
584 2220 669 2272 edhuo
695 2222 754 2272 siue
781 2239 853 2274 ceuse
879 2221 950 2290 spud
975 2223 1150 2276 exsolventem

327 2313 426 2358 extero·
438 2303 518 2356 Unde
534 2296 607 2356 oul'lo
628 2304 715 2366 modo,
737 2306 806 2356 seire
826 2307 949 2372 cujusque
967 2306 1151 2360 dissentientis

326 2385 465 2454 opinione,
473 2387 591 2450 electire,
607 2387 654 2440 sod
668 2389 752 2442 solum
765 2390 794 2440 in
808 2389 953 2442 subsidione
967 2389 1098 2445 ectiouem
1112 2391 1150 2445 in·

328 2469 433 2540 dulgeri
446 2471 620 2524 crediderim.

364 2559 387 2616 i.
401 2555 447 2611 18.
461 2555 600 2608 Creterum
614 2556 711 2625 quibus
724 2555 851 2609 remediis
863 2564 981 2626 repetere
994 2559 1105 2624 releent,
1124 2557 1151 2610 in

327 2651 439 2708 quornm
451 2637 643 2709 praejudicium
656 2637 845 2708 gretiiicetum,
864 2656 985 2704 emenso,
1003 2640 1032 2710 (i
1037 2646 1045 2707 )
1058 2659 1152 2712 quone·

327 2722 428 2792 quenti
446 2722 694 2776 mmmuoteeuduo
713 2724 779 2777 ectio
799 2733 894 2790 petest,
912 2741 1011 2777 unumne
1029 2725 1057 2777 in
1072 2725 1152 2778 dimi·

327 2809 421 2872 dium,
440 2825 502 2860 num
521 2823 569 2876 pro
588 2819 643 2860 rete
660 2809 786 2874 cuiusque
805 2805 908 2869 debiti,
928 2808 1041 2876 queliter
1066 2807 1153 2860 ciriro·

326 2891 462 2964 greplrerii
481 2892 509 2944 io
529 2890 659 2942 tributum
679 2890 719 2942 ire
737 2889 836 2952 soient,
855 2905 958 2941 enorme
974 2887 1064 2941 studio
1089 2891 1152 2943 lieet

331 2975 509 3049 perquirenti,
526 2973 623 3028 nullibi
642 2976 805 3028 occurrebet.
824 2975 883 3042 lpse
902 2991 952 3043 pro
971 2983 1026 3026 rete
1041 2983 1152 3041 tentum,

330 3079 384 3116 nnn
402 3075 451 3131 pro
469 3057 585 3112 dimidio
604 3057 636 3109 ed
655 3057 899 3110 comtnnnicendom
919 3057 961 3125 egi
979 3072 1065 3125 posse,
1078 3060 1155 3112 sesti·

329 3163 385 3210 mo,
403 3152 513 3214 propter
530 3142 549 3194 1.
562 3141 609 3194 81.
612 3140 655 3210 ff.
670 3158 741 3210 quoe
753 3138 890 3211 infland-
900 3142 970 3194 cred.
985 3143 1060 3194 veri.
1074 3158 1153 3196 revo-

330 3240 406 3286 cerer
418 3229 456 3282 od
467 3227 588 3281 eumdem
598 3225 764 3296 portionem,
781 3241 865 3295 quum
885 3227 988 3280 coeteri
1009 3226 1155 3281 creditores

329 3311 415 3370 icturi
437 3322 534 3367 essert.
555 3313 616 3367 lem
635 3327 695 3366 sero
713 3309 759 3363 ubi
777 3308 892 3376 ejusdem
910 3309 1050 3379 quelitetis
1067 3309 1154 3362 credi-

329 3407 399 3460 tores
417 3409 490 3464 sunt,
507 3397 599 3469 qneies
617 3396 668 3450 lenc
680 3405 740 3448 ceso
753 3407 949 3464 supponuntur,
962 3412 1010 3449 nee
1023 3396 1154 3463 integrum

328 3483 455 3554 consequi
475 3492 584 3552 possum
600 3496 633 3535 ιι
650 3480 728 3534 bonis
739 3479 877 3545 debitoris,
893 3497 941 3550 pro
953 3492 1006 3535 rete
1018 3483 1073 3549 ejus
1085 3480 1154 3550 qood

327 3567 395 3636 ipsis
413 3567 522 3622 debetur
540 3578 705 3620 concurrunt.
722 3565 778 3618 18.
791 3561 882 3634 infin.
895 3581 917 3618 c.
930 3562 964 3616 de
984 3579 1006 3615 r.
1032 3579 1059 3614 n.
1079 3561 1103 3630 1⁸.
1127 3579 1156 3630 p.

328 3651 432 3704 ldoline
450 3649 564 3722 dejure.
584 3659 610 3702 et
624 3649 694 3717 iure.
712 3647 781 3717 disp.
800 3648 862 3700 tan.
881 3647 992 3702 senche
1005 3645 1156 3699 dedecent.

327 3753 357 3806 p.
376 3734 425 3786 sit.
442 3751 519 3788 neem·
537 3734 583 3786 18.
602 3735 673 3786 nnde
691 3747 768 3800 eumq
786 3733 849 3784 iicet
873 3747 906 3784 er
933 3729 1060 3783 debitoris
1077 3729 1158 3782 bonis

332 3819 503 3888 depropersti
520 3834 595 3871 suem
613 3815 736 3885 consequi
756 3814 872 3880 deberet,
891 3811 1037 3865 dimidium
1062 3828 1156 3865 conse·

332 3903 376 3973 qui
396 3919 449 3956 non
466 3903 604 3972 potuisset,
618 3899 698 3954 etiem
718 3897 761 3950 itic
780 3914 828 3967 pro
846 3908 900 3951 rete
920 3903 1019 3948 ιιιιιιιι
1039 3913 1158 3950 commu·

334 3983 478 4039 nieebitur.
498 3985 528 4040 Si
548 3984 637 4053 ireque
653 3996 724 4033 unus
743 3979 824 4032 simul
843 3979 999 4032 instentium
1021 3977 1050 4028 in
1077 3977 1156 4046 quin·

334 4079 436 4139 protos,
449 4070 516 4122 eltcr
534 4068 563 4120 iu
581 4067 705 4120 ducentos
723 4063 866 4117 creditores
882 4071 984 4126 essent,
1004 4061 1071 4115 elter
1096 4071 1149 4114 ten·

331 4163 385 4208 tum
410 4166 457 4223 pro
481 4161 533 4206 rete
558 4151 729 4204 ducentorum
742 4155 878 4218 repeteret
897 4145 930 4199 eb
959 4164 1006 4210 eo,
1032 4144 1075 4199 cui
1099 4162 1156 4215 ere·

331 4233 479 4292 tificetumr
502 4235 579 4290 sicuti
603 4236 702 4306 eliquot
720 4235 855 4304 exemplo,
880 4231 1011 4304 querende
1034 4240 1152 4300 prorrte

332 4323 407 4388 ejus,
430 4319 499 4392 qnod
523 4319 645 4384 debetur,
672 4318 806 4372 ceicoletio
830 4319 902 4371 inter
925 4315 1071 4370 creditores
1092 4309 1152 4366 fieri

334 4403 438 4470 detor,
463 4401 547 4458 reicri
573 4403 685 4475 Selgedn
709 4403 735 4458 d.
761 4403 781 4456 1.
803 4421 831 4472 p.
858 4402 883 4454 8.
906 4417 968 4472 cop.
990 4399 1018 4452 1.
1041 4417 1070 4451 n.
1095 4398 1155 4452 118.

335 4495 362 4542 et
379 4500 450 4554 seqq.

369 4575 391 4630 ς.
414 4569 457 4622 13.
479 4569 548 4623 8ιιίι
571 4583 641 4622 enne
664 4568 710 4637 qni
731 4583 778 4637 pro
797 4571 854 4616 rete
872 4563 906 4618 ob
930 4559 1152 4632 gretiiicetionem

332 4649 427 4706 lentem
448 4662 582 4706 reverenti
605 4668 675 4704 onoc
698 4650 732 4700 de
755 4651 807 4712 iis,
831 4649 877 4717 qni
903 4649 1071 4716 integrunt·
1094 4662 1155 4698 coo·

334 4733 496 4792 creditorum
516 4734 561 4786 nni
582 4731 697 4786 solutum
717 4749 762 4786 een
781 4733 926 4802 posteriorc
950 4738 1086 4796 rennuente
1113 4727 1155 4801 (1)

1202 969 1294 1018 mittit.
1317 968 1383 1022 Pree
1400 969 1511 1022 coeteris
1530 965 1599 1019 heud
1626 965 1784 1035 poenitende
1810 981 1890 1035 opere
1912 963 2026 1031 collegie

1201 1053 1291 1104 cedern
1311 1055 1346 1104 ll.
1367 1053 1482 1108 Pistoris
1500 1053 1546 1106 tid.
1564 1053 1590 1106 d.
1608 1069 1651 1121 pet.
1670 1051 1715 1102 2⁰.
1734 1069 1761 1102 re.
1782 1050 1826 1100 ttt.
1851 1059 1879 1102 ed
1901 1063 1973 1116 seqq.
1998 1055 2025 1101 ei

1202 1135 1317 1189 Beriicir.
1334 1155 1361 1205 p.
1381 1138 1407 1187 1.
1424 1136 1544 1188 conclus.
1563 1137 1611 1188 71.
1629 1151 1705 1189 nom.
1724 1134 1769 1186 88.
1795 1133 1877 1202 lpse,
1895 1149 1960 1201 pecc
1976 1149 2025 1184 cu·

1201 1225 1292 1290 jusque
1309 1221 1508 1284 dissentientis,
1528 1221 1552 1272 si
1578 1223 1651 1290 prior
1668 1219 1712 1270 hic
1730 1237 1744 1270 e
1766 1217 1839 1270 nullo
1856 1217 1925 1279 etto.
1942 1237 1958 1268 e
1975 1236 2021 1288 po-

1203 1307 1311 1358 steriore
1329 1305 1459 1358 erodente
1475 1303 1606 1368 omnino,
1625 1321 1699 1356 etrum
1719 1299 1842 1369 consequi
1861 1301 1947 1354 celere
1973 1312 2023 1353 ste·

1202 1390 1296 1442 turrim
1319 1405 1375 1456 erg.
1394 1388 1413 1438 l.
1442 1389 1486 1438 18.
1512 1395 1534 1449 ς.
1551 1390 1576 1440 li.
1602 1388 1629 1440 ei
1647 1387 1729 1452 prior.
1755 1395 1782 1438 ιι
1807 1381 1830 1455 5.
1852 1385 1899 1436 uir.
1913 1381 1954 1452 ff.
1977 1387 2026 1454 que'

1199 1484 1253 1538 pet.
1277 1473 1306 1525 in
1322 1475 1397 1544 pigo.
1422 1472 1485 1524 leod.
1502 1483 1529 1524 rt
1548 1488 1599 1541 per
1621 1480 1687 1524 teet.
1708 1485 1863 1535 expressunt
1887 1467 1907 1519 i.
1919 1466 1978 1538 fin.
1998 1487 2023 1522 c.

1202 1559 1236 1610 de
1246 1557 1307 1630 jur.
1331 1555 1411 1609 deiid-
1430 1563 1452 1618 ς.
1477 1556 1503 1608 ii.
1528 1555 1602 1606 ceri.
1628 1555 1672 1606 et'o
1698 1568 1775 1606 vero.
1793 1552 1823 1605 Si
1841 1567 1904 1606 sero
1916 1552 2025 1604 resiste

1202 1642 1304 1711 pignori
1323 1641 1362 1694 rel
1382 1640 1542 1710 hypothecae
1560 1639 1633 1704 dete,
1651 1636 1720 1707 eputl
1747 1635 1827 1688 elium
1846 1644 1933 1698 extet,
1951 1639 2025 1690 nulle

1201 1727 1276 1796 prior
1294 1724 1433 1778 secuudum
1452 1722 1611 1775 creditorem
1629 1721 1733 1772 ectiooe
1759 1731 1845 1786 tenet,
1875 1717 1922 1772 sed
1948 1719 2023 1788 seqni

1203 1823 1377 1876 possessorem
1396 1805 1470 1874 jubet
1487 1816 1579 1860 tector
1590 1805 1619 1858 in
1632 1804 1651 1855 l.
1665 1801 1738 1871 ¹·ff·
1757 1803 1790 1856 de
1809 1801 1928 1858 ‹ttetmcr-
1947 1802 2023 1872 piget.

1202 1891 1330 1962 Ceepcor.
1342 1909 1374 1958 p.
1387 1895 1412 1942 1.
1425 1900 1513 1944 const.
1526 1889 1571 1940 88.
1583 1887 1638 1958 defi
1653 1888 1717 1938 181.
1729 1902 1781 1954 per
1795 1897 1845 1939 tot.

1236 1981 1256 2038 ς.
1276 1975 1320 2027 11.
1336 1967 1454 2044 Fulgosii
1467 1989 1528 2027 sero
1541 1973 1568 2026 is.
1586 1971 1759 2026 Coeerrnriee
1777 1987 1837 2039 erg.
1852 1985 1888 2022 err
1899 1969 1918 2022 i.
1931 1968 2023 2039 11,θῖ

1199 2057 1225 2109 si
1234 2067 1360 2124 cernent.
1371 2073 1424 2110 nnn
1443 2055 1508 2110 eden
1524 2057 1656 2124 stringet,
1668 2071 1720 2124 quo
1738 2063 1826 2106 umen
1845 2054 1918 2122 prior
1939 2057 2023 2108 tnesi-

1201 2157 1242 2192 me
1259 2136 1389 2206 conficere
1416 2141 1507 2212 qnesi,
1532 2141 1556 2191 si
1583 2139 1707 2192 dominns
1732 2137 1767 2192 ob
1792 2139 2022 2208 consumptionem

1201 2237 1254 2274 rem
1273 2239 1345 2274 suem
1364 2224 1502 2278 condicere
1519 2221 1613 2292 nequit
1630 2241 1645 2274 ι
1663 2229 1854 2285 consumente,
1871 2223 1958 2290 utique
1977 2239 2027 2276 nen

1200 2306 1331 2370 creditor,
1343 2308 1389 2378 qui
1408 2320 1466 2377 post
1490 2308 1628 2360 dominum
1650 2306 1714 2360 eceli
1737 2309 1793 2374 jure
1812 2307 1938 2358 munitus.
1956 2304 2024 2362 Nem

1199 2389 1216 2439 l.
1235 2389 1332 2443 dictem
1351 2390 1548 2459 introspicienti
1568 2391 1626 2461 plus
1644 2389 1710 2442 setis
1726 2386 1879 2459 epperebits
1892 2405 1945 2444 non
1957 2407 2024 2446 eon..

1199 2471 1340 2527 dictionem
1359 2475 1451 2542 qrtosis
1469 2473 1579 2527 domino
1594 2493 1608 2526 ι
1628 2483 1798 2528 consumente
1816 2473 1965 2544 repetitum
1983 2475 2028 2530 de·

1201 2557 1306 2626 urgeri,
1325 2555 1370 2610 sed
1396 2559 1432 2610 ob
1450 2557 1593 2628 specielem
1611 2558 1740 2612 retinnem
1768 2558 1875 2616 sellem.
1893 2559 1963 2628 quod
1983 2559 2025 2617 ibt

1202 2651 1320 2692 motuum
1340 2659 1387 2712 per
1409 2641 1641 2711 consumptionem
1665 2641 1718 2694 init
1744 2641 1963 2709 reconcilietome
1979 2645 2025 2696 rel

1203 2725 1242 2776 eti
1260 2724 1360 2795 inipso
1380 2735 1471 2789 textu,
1482 2726 1553 2795 quod
1571 2727 1635 2780 elice
1654 2727 1726 2780 nulls
1745 2725 1828 2781 futore
1841 2725 1933 2780 inisset
1944 2727 2024 2790 ectio,

1201 2807 1283 2860 uteie
1301 2824 1354 2862 nnn
1372 2821 1423 2862 tem
1442 2809 1607 2880 consumptio
1625 2810 1695 2864 retic
1719 2811 1861 2880 denegatae
1878 2810 2024 2866 condictio·

1202 2889 1246 2942 nis
1263 2893 1315 2956 sit,
1332 2907 1409 2960 quem
1428 2893 1561 2962 posterior
1581 2893 1631 2946 iste
1649 2912 1665 2945 ι
1682 2895 1743 2947 icto
1762 2893 1842 2946 textui
1862 2893 1968 2946 inserte.
1989 2893 2025 2947 Er

1202 2973 1270 3043 quod
1290 2992 1341 3027 nnn
1364 2977 1396 3027 de
1413 2977 1486 3030 omni
1513 2977 1626 3030 senserit
1650 2979 1795 3046 repetituro
1812 2979 1902 3041 tetus,
1922 2995 1953 3029 ιι
1973 2980 2029 3036 col,-

1203 3057 1301 3110 letione
1318 3059 1336 3110 i.
1354 3060 1380 3111 8.
1394 3067 1416 3122 ς.
1436 3061 1461 3114 i.
1474 3057 1604 3114 coiectum
1618 3060 1760 3114 menedon.
1772 3069 1900 3130 epponi,
1917 3061 1963 3113 obt
1978 3077 2027 3130 pe.

1206 3140 1240 3190 tri
1264 3143 1384 3195 concedit
1411 3143 1595 3212 repetitionem
1613 3140 1692 3211 (sine
1712 3143 1792 3196 dubio
1814 3145 1838 3197 ei
1869 3153 2026 3213 consumpte

1204 3225 1338 3291 pecunie,
1353 3225 1420 3278 elles
1439 3227 1477 3278 rei
1498 3225 1668 3280 vindicetioni
1687 3227 1724 3279 uti
1749 3227 1778 3280 in
1797 3226 1887 3282 eedem
1912 3227 1968 3296 lege
1986 3230 2027 3282 lo·

1204 3321 1250 3358 cus
1269 3305 1357 3378 ioret)
1373 3306 1441 3378 qnod
1466 3308 1603 3377 pecnniem
1626 3305 1686 3361 titio
1709 3308 1832 3364 donetem
1854 3309 1889 3362 nlr
1915 3313 2026 3380 petrienr

1205 3400 1357 3461 potestetem
1377 3393 1428 3458 iem
1449 3403 1520 3462 petet·
1537 3392 1726 3462 ecqrisirerete
1747 3393 1774 3445 in
1792 3390 1821 3444 d.
1838 3393 1856 3446 1.
1878 3392 1920 3443 11.
1938 3403 2028 3448 eutem

1204 3471 1277 3529 filius
1295 3476 1402 3530 elinnde
1421 3488 1508 3530 mutuo
1535 3484 1698 3546 sumpserit,
1718 3483 1778 3546 post
1797 3475 2029 3543 consumptionem

1206 3559 1294 3629 iteque
1312 3560 1383 3629 petri
1402 3561 1470 3612 ectio
1486 3559 1602 3628 quaesite
1621 3573 1678 3610 esse
1696 3573 1748 3610 non
1767 3565 1876 3627 poteret.
1889 3556 1957 3610 Num
1978 3557 2030 3611 Cu·

1207 3643 1278 3694 meni
1305 3643 1373 3694 retio
1396 3641 1462 3694 eden
1487 3652 1585 3702 moret.
1601 3655 1632 3690 sc
1657 3639 1681 3690 si
1707 3639 1818 3708 pignore
1844 3657 1858 3693 ι
1887 3639 2029 3708 posteriore

1207 3725 1337 3778 cr'editore
1361 3723 1470 3779 elienetc
1495 3727 1536 3790 jue
1563 3722 1631 3775 reele
1649 3733 1740 3776 contre
1758 3723 1880 3776 eumdem
1900 3734 2029 3790 cerneret,

1207 3811 1285 3860 uirus
1303 3809 1323 3861 i.
1337 3806 1397 3879 fin.
1414 3825 1435 3860 c.
1455 3807 1578 3862 distroct.
1595 3808 1671 3876 pr'go.
1698 3807 1798 3861 Verum
1820 3806 1848 3860 ei
1866 3805 1986 3875 pignoris
2004 3819 2031 3866 ci

1207 3892 1319 3946 retinuit
1338 3893 1400 3947 inde
1417 3894 1460 3960 ius
1479 3894 1567 3960 rigore
1585 3890 1612 3944 d.
1629 3891 1647 3942 i
1665 3887 1813 3958 espirerit,
1830 3905 1927 3958 erqcue
1944 3891 2032 3942 escle·

1208 3977 1246 4033 rit
1262 3975 1349 4030 omnis
1373 3975 1404 4030 ed
1431 3973 1602 4046 repetendum
1629 3971 1715 4029 ectio?
1735 3974 1785 4030 Sin
1809 3973 1858 4027 hoo
1882 3975 2032 4044 imperetor

1208 4060 1346 4130 cogitemet
1364 4060 1392 4112 in
1412 4073 1492 4129 supra
1509 4059 1620 4129 ellepets
1639 4058 1658 4112 i.
1665 4055 1754 4129 βὼς.
1773 4057 1800 4112 li.
1817 4055 1898 4112 veri.
1911 4057 1954 4112 rin
1967 4075 2028 4116 vere

1207 4141 1657 4213 e.de1‘ur.deiii.lrypctlreeeriem
1675 4141 1822 4206 sotionem,
1842 4149 1906 4212 puto
1923 4143 1947 4196 si
1964 4155 2031 4202 este-

1208 4236 1248 4282 ret
1265 4227 1337 4297 epod
1355 4228 1530 4298 posteriorem
1541 4261 1549 4290 ‚
1560 4235 1588 4280 et
1605 4223 1799 4280 condictionem
1818 4223 1847 4278 in
1865 4241 1954 4280 cesum
1971 4240 2031 4288 con·

1205 4314 1305 4383 sumpti
1325 4330 1378 4366 non
1395 4311 1587 4381 conjunxisset.

1242 4403 1264 4458 ς.
1284 4395 1392 4466 18.(1)
1411 4396 1484 4465 Qum
1502 4395 1581 4447 tundo
1600 4392 1780 4448 creditoribus
1793 4391 1989 4464 hypothecario
2001 4396 2031 4452 in

1205 4489 1341 4546 eventum,
1368 4488 1460 4538 contre
1485 4487 1683 4534 consumentem
1710 4477 1813 4533 minore
1834 4481 1891 4548 iure
1915 4479 2029 4551 pruden-

1206 4574 1274 4628 tem,
1292 4562 1382 4616 erdem
1401 4563 1453 4616 sole
1471 4560 1575 4615 setinoe
1591 4559 1768 4630 privilegietie
1793 4573 1883 4616 contre
1901 4580 1961 4630 eos,
1981 4565 2029 4636 qui

1204 4647 1275 4718 ipsos
1298 4653 1538 4717 preecccoperuot.
1557 4653 1584 4698 ιι
1607 4653 1668 4714 post
1697 4646 1767 4713 ipsos
1793 4641 1899 4698 demum
1921 4648 2026 4706 solutio

1205 4751 1266 4786 neor
1278 4744 1411 4804 expectere
1424 4729 1591 4795 debuissent,
1604 4729 1780 4784 concederem.
1792 4730 1932 4784 Communi
1953 4733 2025 4786 enim

332 4837 445 4892 qnorum
464 4821 515 4874 dun
533 4831 637 4887 genere,
657 4815 833 4886 hypothccerii
852 4826 878 4869 et
901 4814 1056 4886 prieiiegieti
1083 4829 1155 4867 mere
1206 4817 1249 4870 dd.
1270 4817 1398 4887 opinione
1415 4810 1550 4868 firmetcm
1571 4812 1694 4878 invenie,
1713 4812 1784 4868 iuter
1801 4813 1920 4886 disperit
1936 4812 2025 4867 condi·

331 4913 481 4960 ooecmunt.
500 4900 706 4974 lippotlreceriis
721 4917 777 4952 cnm
797 4901 840 4969 ius
858 4901 926 4954 reele
943 4916 998 4952 reru
1018 4897 1157 4952 comitetur
1204 4899 1286 4955 tionis
1303 4899 1447 4955 creditores
1463 4894 1613 4964 eigilentiee
1631 4897 1672 4960 jus
1688 4895 1839 4964 quiescere,
1855 4904 1933 4964 prout
1949 4894 2024 4962 longe

332 4987 437 5042 leeilior
452 4987 492 5044 eie
512 4987 570 5050 erit.
590 4985 612 5039 sl
632 5001 674 5037 res
690 4994 772 5050 estete
786 4985 940 5055 pierumque
952 4985 1024 5036 enim
1036 4999 1100 5052 qore
1115 4983 1154 5035 rei
1205 4984 1388 5037 auctoritetntn
1408 4981 1477 5034 serie
1498 4987 1610 5032 testetur
1630 4977 1747 5032 Beriicir.
1764 4979 1791 5033 d.
1811 4979 1829 5030 i.
1849 4996 1879 5032 ιι.
1892 4979 1935 5032 80.
1948 4977 2023 5032 ueri.

333 5071 472 5126 iebeerent
489 5071 591 5142 potiore
609 5067 732 5125 ridentur
750 5087 826 5139 qoem
846 5083 978 5138 personee.
995 5084 1054 5135 erg.
1072 5065 1091 5118 i.
1111 5065 1155 5118 18.
1205 5077 1335 5122 cunctere.
1351 5066 1455 5120 Meuius
1471 5060 1508 5116 act
1517 5063 1567 5136 jus
1584 5063 1717 5118 indecens.
1736 5063 1782 5116 ie'd.
1795 5063 1821 5116 ³.
1832 5063 1874 5116 tie.
1894 5064 1918 5117 l.
1931 5072 1985 5116 ort.
1997 5063 2025 5112 ll.

333 5157 355 5224 ς
376 5155 401 5210 1.
410 5153 454 5226 ff.
471 5155 505 5210 de
521 5157 630 5223 pr'gnor.
648 5163 700 5208 not.
717 5152 782 5206 nee.
799 5153 829 5205 in
853 5153 872 5204 l.
888 5153 949 5220 plus
974 5160 1046 5204 cnut·
1072 5169 1155 5218 quone
1205 5152 1271 5204 reli.
1290 5159 1315 5204 ct
1333 5166 1367 5203 ne
1384 5149 1444 5202 sine
1463 5156 1536 5202 textu
1554 5147 1655 5201 locutus
1673 5144 1779 5210 sidere,
1796 5145 1958 5215 privilegieti
1979 5161 2025 5214 po·

333 5239 644 5311 inpeesooc.t.1e.§.
663 5234 890 5306 ³·ffl'1'8'20'i'i·
908 5235 926 5287 l.
951 5232 995 5286 81.
1021 5239 1043 5296 ς.
1071 5233 1097 5284 8.
1126 5233 1155 5286 io
1207 5235 1298 5288 tiorcm
1318 5251 1420 5288 murem
1439 5248 1497 5285 esse
1513 5229 1698 5299 occupentisl.
1722 5231 1745 5282 ³.
1761 5227 1802 5298 ff
1820 5227 1896 5299 quod
1912 5245 1974 5280 cnm
1991 5243 2024 5283 ce

322 5321 384 5395 fin.
403 5321 442 5392 ff.
468 5323 501 5377 tle
522 5339 546 5376 r.
573 5343 600 5378 o.
620 5323 642 5392 1⁸.
666 5341 693 5392 p.
715 5321 734 5373 t.
759 5321 897 5374 distructis
918 5329 945 5372 ct
970 5319 988 5370 i.
1011 5317 1156 5372 debitorem
1206 5317 1452 5387 quinimo-potest.
1465 5313 1549 5368 docet.
1567 5315 1616 5384 (m)
1630 5310 1706 5382 Quod
1725 5321 1811 5364 entem
1832 5319 1955 5379 repetere
1967 5323 2025 5379 pos·

334 5426 359 5464 c·
383 5407 417 5462 de
436 5408 544 5479 pigner.
564 5409 641 5462 llend
661 5409 688 5462 in
707 5405 797 5478 rpricn
816 5415 903 5458 temen
918 5404 1003 5472 posite
1018 5401 1084 5455 milri
1099 5419 1148 5454 con
1206 5403 1277 5465 sint.
1295 5419 1349 5456 non
1368 5407 1467 5454 tectom
1486 5414 1544 5466 erg.
1557 5397 1575 5448 l.
1594 5395 1637 5448 88.
1651 5397 1673 5462 ς.
1686 5393 1780 5464 ulnff.
1798 5393 1947 5463 depeculio
1967 5410 2025 5462 pro·

333 5493 463 5548 trcrersie
480 5491 594 5557 ridetur,
613 5493 636 5547 si
655 5490 786 5546 secundus
802 5488 918 5542 creditor
945 5485 1013 5538 bone
1039 5481 1093 5537 fide
1120 5486 1157 5553 pi·
1206 5485 1297 5550 betur,
1314 5485 1359 5539 sed
1379 5483 1459 5537 etiem
1477 5481 1497 5533 l.
1515 5482 1540 5532 ll.
1554 5496 1577 5534 c.
1588 5481 1622 5535 de
1630 5479 1779 5552 privilegiis
1781 5477 1855 5549 fisci
1869 5475 1928 5532 ert.
1942 5475 1985 5527 18.
1998 5469 2023 5544 5

333 5591 400 5645 gnus
417 5577 628 5645 consumpsisset,
640 5593 702 5628 num
714 5574 796 5646 priori
816 5572 857 5625 eui
878 5572 919 5624 rel
937 5587 978 5624 res
997 5569 1156 5638 generaliter
1207 5567 1299 5642 uleff.
1311 5570 1344 5625 de
1358 5565 1497 5638 p’urefisci.
1518 5565 1659 5628 evincente
1677 5581 1729 5634 qno
1748 5564 1777 5616 in
1795 5578 1873 5618 ιιιιιι
1892 5568 1920 5612 nt
1938 5557 2023 5630 pluri·

333 5659 373 5718 rel
392 5659 419 5714 io
438 5657 526 5732 specie
548 5657 659 5730 obligate
685 5671 776 5725 entes,
800 5657 927 5712 edscrsus
953 5663 1154 5710 consumentem
1177 5641 1186 5731 Ι
1207 5675 1279 5714 muru
1296 5676 1311 5715 ι
1331 5657 1377 5714 dd.
1396 5651 1618 5726 surrecturum
1636 5651 1737 5710 lleriur
1755 5643 2020 5720 odiosiciddq·
