4460 6208
384 273 436 331 ttt
795 219 800 226 ·
874 263 1061 322 DlSl'll'l'lT.
1079 264 1164 320 tivit.
1183 261 1287 320 rtur.
1304 265 1326 318 l.
1346 262 1421 320 Cll’.
1441 262 1490 317 lll.
1921 254 1975 314 tet

335 381 461 438 qrtsntum
482 366 536 439 ipsa
557 363 668 436 perunit
688 362 796 420 erescit.
814 364 846 418 tt
874 363 980 419 uallum
1003 379 1070 425 opus
1085 361 1160 430 jiuis
1206 365 1400 429 inassentior
1420 357 2030 432 attento,qnod]rmlustranturesatiuso·

323 451 408 524 fixus
427 452 586 505 mortalibus
604 451 707 502 hueret.
722 449 772 503 Sed
792 449 813 500 si
834 449 893 500 ideo
912 463 1037 501 versurae
1055 446 1154 515 impro·
1205 461 1251 514 per
1269 446 1296 498 in
1318 444 1563 514 compensationem
1583 443 1681 496 laboris
1694 453 1720 496 et
1733 448 1885 509 sumptuum
1900 440 2032 493 mercibus

331 534 466 596 lassentur,
485 535 528 587 sia
546 547 589 584 ars
607 533 694 600 aliqua
714 530 756 582 sel
768 526 917 598 opificium,
938 529 991 580 imo
1009 529 1066 596 ipss
1083 545 1153 581 oern—
1204 529 1314 582 creditis
1333 525 1503 598 imposuerit·
1522 527 1575 579 Du.
1596 527 1704 579 Richter
1722 524 1776 577 dec.
1795 523 1838 575 71.
1852 541 1880 574 n.
1894 521 1938 573 bl.
1950 533 1975 575 at
1987 523 2031 574 lib.

332 619 422 672 nomin
442 617 582 671 secuudum
603 628 723 668 nattsram
744 625 819 673 essttt
837 614 897 684 quis
915 611 985 682 lengi
1005 613 1069 666 adeo
1082 631 1155 666 neco·
1206 633 1260 668 rem
1280 611 1452 666 distitsctione
1471 609 1597 680 expedire
1614 609 1753 671 annititur,
1773 625 1805 659 an
1824 607 1937 658 creditor
1958 606 2031 659 diem

333 717 445 765 numus,
464 699 509 769 qni
529 697 680 750 necessitati
699 705 725 748 et
744 695 907 766 indigentise
926 698 991 749 satis
1009 695 1091 762 iecit,
1110 713 1158 749 nec
1207 695 1344 751 solutionis
1363 693 1496 760 atstnerlt,
1516 711 1549 746 ιιι
1569 709 1630 758 non,
1651 693 1691 744 sin
1713 691 1796 762 prius,
1815 701 1842 742 et
1860 688 2036 757 empturmol

331 782 431 851 aliquid
450 781 603 834 divitiarum
622 789 744 851 quaestus
756 781 838 848 grstia
855 780 906 831 sibi
919 776 1038 849 seponit?
1049 779 1159 832 Lucrum
1207 799 1261 835 ram
1281 781 1382 842 iecerit,
1401 778 1541 833 mercatori
1562 796 1576 831 a
1593 787 1711 848 tempore
1725 789 1812 828 morae
1826 788 1917 828 neuras
1931 772 2033 838 deberi,

333 865 430 918 nullibi
451 865 569 934 gentinus
590 863 761 915 udsersantur
780 861 867 934 probi,
886 863 931 914 sed
957 871 1057 914 tuntum
1083 866 1157 917 iubo-
1207 869 1249 920 siu
1270 865 1410 936 posterius,
1430 879 1521 916 usuras
1541 861 1648 930 urgeri.
1676 859 1724 912 Διι
1751 858 1840 912 minus
1866 855 1935 910 lorte
1962 855 2035 908 dixit

333 948 599 1004 pessumdaretur
620 967 655 1000 eu
678 947 811 1001 Panaetio
828 946 916 1015 primo
935 944 1094 1018 officiarum
1114 948 1158 1000 Ci-
1207 969 1284 1022 quaro
1306 947 1389 1001 sensit
1406 947 1448 999 sir
1467 941 1807 1008 celeberrimuspsixenim
1828 940 1967 994 distinctio
1979 939 2035 992 sui·

334 1051 403 1086 nero:
424 1050 472 1086 nec
490 1049 552 1086 sero
572 1031 780 1102 reijlrmiliaris
798 1028 976 1099 crsrpb'ficntt'u
996 1034 1102 1084 nemini
1114 1051 1160 1087 no·
1208 1036 1279 1088 liciet
1297 1032 1389 1085 dnbio.
1408 1029 1437 1084 Si
1459 1029 1581 1098 iniquum
1599 1037 1671 1080 esset
1691 1037 1863 1078 mercatorem
1883 1025 1951 1077 ultra
1975 1039 2034 1077 usn·

334 1133 397 1172 cens
414 1117 587 1184 vituperanda
606 1127 652 1178 est,
663 1113 852 1185 teclsugieaao
865 1115 1096 1184 semperiup‘uria.
1112 1119 1159 1172 So·
1210 1137 1251 1172 ras
1268 1137 1283 1168 a
1303 1115 1425 1168 debitore
1444 1125 1563 1182 emptore
1582 1121 1678 1181 petere,
1698 1110 1750 1163 sule
1769 1118 1841 1162 certe
1860 1107 1912 1161 diei
1927 1109 2034 1162 solutlo·

331 1203 379 1256 lon
392 1200 463 1262 cnud
472 1199 649 1254 Plutarchum
661 1198 764 1251 lucrum
779 1197 832 1251 ltus
843 1195 955 1253 minime
967 1199 1036 1268 impr
1051 1199 1158 1265 hunred
1210 1203 1252 1257 nis
1269 1199 1424 1253 constitutio
1443 1197 1600 1265 nequitatem
1621 1201 1673 1248 non
1692 1193 1806 1246 inducet.
1824 1193 1965 1246 Retionem
1987 1193 2035 1248 ita·

337 1283 560 1357 potiussequenti
575 1282 709 1354 approbat
720 1281 851 1335 rlirticlto:
1210 1305 1260 1358 que
1272 1284 1351 1338 sliam
1372 1279 1515 1332 addendam
1537 1287 1608 1348 puto:
1626 1281 1680 1331 eise
1704 1277 1827 1330 solutioni
1854 1276 1910 1329 dies
1935 1277 2033 1344 dictus,

1212 1372 1267 1424 sire
1280 1384 1347 1430 uon,
1372 1373 1519 1434 emptorem
1547 1361 1658 1416 omniuo
1679 1377 1711 1416 etr
1732 1376 1802 1414 mora
1822 1375 1913 1414 nsnrss
1939 1360 2035 1416 debere

1211 1465 1326 1512 autumo,
1347 1467 1407 1501 nam
1428 1447 1456 1498 iu
1480 1443 1600 1500 eoniessu
1627 1443 1750 1498 omnibus
1769 1457 1837 1507 reor,
1860 1454 2034 1497 mercatorem

1213 1539 1280 1590 ultra
1294 1532 1401 1586 usitatas
1416 1545 1505 1582 usuras
1518 1529 1597 1581 etiam
1615 1545 1662 1598 pro
1674 1527 1764 1580 labore
1776 1535 1802 1578 et
1814 1527 1971 1596 sumptibus,
1982 1529 2036 1582 imo

335 1615 412 1689 Quod
430 1615 509 1670 etiam
531 1625 631 1670 tantum
650 1627 781 1668 tentantur
800 1625 975 1667 mercaturam
995 1626 1163 1683 exerceamus
1213 1617 1311 1690 aliquid
1330 1615 1396 1669 lucri
1416 1631 1465 1684 pro
1482 1612 1608 1667 oneribus
1632 1611 1744 1680 publicis
1764 1609 1897 1675 ierendis,
1915 1627 1964 1681 qua
1990 1627 2037 1681 pat·

335 1717 384 1754 nec
402 1699 447 1752 isti
467 1709 585 1764 tantum,
603 1701 690 1769 quales
708 1699 805 1752 Genesi
822 1701 1064 1772 εμπορστς,ιιιιιι
1083 1705 1161 1758 etiarn
1214 1713 1263 1770 est,
1282 1717 1314 1753 ιι
1333 1697 1466 1753 ιιιιιὶιιι
1477 1705 1581 1764 capture
1597 1710 1681 1766 posse,
1696 1693 1716 1748 si
1730 1705 1815 1746 sutem
1830 1694 1944 1763 longius,
1958 1713 2036 1766 quam

334 1800 399 1854 quos
414 1784 545 1847 ιαπηλστ
557 1793 721 1846 receserunt,
739 1786 827 1854 quales
845 1785 920 1838 latini
939 1786 1074 1850 cociones;
1094 1790 1162 1856 qnod
1213 1781 1401 1854 computaverit
1420 1781 1478 1849 ipse
1495 1780 1611 1842 lucrum,
1630 1777 1726 1830 solutio
1747 1777 1891 1844 differatur,
1910 1795 1941 1830 ιι
1954 1798 2036 1849 aequo

335 1887 435 1924 mercer
453 1891 467 1924 a
486 1869 674 1924 mercatoribus
692 1883 788 1934 emant,
802 1881 828 1922 et
844 1869 937 1923 cariori
950 1871 1036 1940 pretio
1048 1870 1163 1925 sentiant
1213 1880 1239 1923 et
1257 1869 1325 1922 bono
1342 1882 1444 1935 quoqne
1461 1865 1493 1916 ad
1513 1863 1654 1915 minimum
1674 1865 1756 1930 justas
1774 1879 1865 1915 usuras
1885 1862 2035 1918 desiderare

335 1954 411 2008 aliis.
430 1956 519 2026 deque
531 1955 629 2024 quippe
645 1955 716 2006 hisco
730 1973 806 2025 quom
820 1955 881 2006 aliis
894 1953 1087 2006 circumsenire
1101 1971 1161 2006 oon·
1215 1954 1308 2008 rale're.
1328 1950 1382 2003 Neu
1401 1947 1549 2003 sententiae
1566 1946 1660 2012 oberit,
1673 1947 1747 2016 qussi
1766 1944 1846 1999 fidem
1862 1946 1992 2002 habuisset
2004 1949 2037 2002 de

335 2039 438 2092 ceditur
451 2024 612 2101 naturuliter,
630 2037 771 2091 secundnm
782 2037 801 2089 l.
817 2039 858 2088 10.
875 2035 897 2108 5.
911 2036 935 2088 i.
937 2034 980 2105 ff
988 2035 1021 2087 de
1036 2033 1161 2088 minorilr.
1213 2036 1308 2106 pretio,
1327 2036 1351 2088 si
1370 2034 1442 2086 enirn
1462 2031 1585 2086 sentitur
1601 2030 1688 2101 quivis
1706 2049 1739 2084 ιι
1758 2032 1810 2083 sola
1829 2031 1870 2085 sei
1896 2032 2037 2088 traditione

338 2123 414 2192 Quod
430 2141 482 2176 nun
502 2124 541 2176 sel
559 2121 591 2174 de
608 2124 665 2190 jure
682 2121 812 2189 gentium,
830 2121 872 2176 ret
890 2119 929 2172 uti
952 2121 1026 2187 lingo
1043 2117 1163 2174 (troam
1212 2119 1291 2174 fidem
1314 2119 1347 2172 de
1365 2117 1451 2190 pretio
1470 2115 1593 2169 habuisse
1611 2134 1664 2170 uon
1684 2117 1865 2187 praesumitur
1883 2115 1900 2167 l.
1921 2117 1945 2168 t.
1965 2117 1988 2183 5.
1996 2115 2037 2186 ffi

329 2206 395 2280 jure
414 2206 437 2261 h.
456 2216 482 2262 et
498 2225 527 2273 p.
544 2207 564 2260 l.
582 2207 609 2257 2.
627 2223 651 2258 ι.
670 2207 712 2256 13.
731 2205 759 2259 in
775 2203 835 2274 fia.
862 2221 909 2274 pro
936 2203 1034 2274 ubique
1060 2215 1161 2274 recepto
1211 2196 1614 2268 detrihutor.act.*l.19.ffi
1642 2198 1674 2251 de
1698 2197 1820 2253 contrait.
1847 2209 1927 2268 empt.
1954 2201 2036 2252 multo

336 2305 410 2342 more
428 2288 555 2358 intelligo,
577 2287 621 2342 sed
641 2305 688 2360 pro
708 2300 798 2341 natura
817 2298 968 2341 contractus
986 2289 1079 2354 hujus,
1096 2305 1161 2358 qnae
1213 2290 1299 2340 minus
1319 2295 1462 2348 mercatur,
1482 2285 1527 2356 qui
1547 2303 1598 2354 quo
1616 2282 1697 2337 citius
1724 2282 1863 2352 pecuniam
1891 2283 1988 2350 restit,
2007 2302 2037 2338 eo

336 2387 389 2425 non
402 2373 481 2424 modo
494 2373 705 2425 contrabentium
719 2374 820 2425 lucrum
835 2372 852 2423 l.
864 2373 908 2424 nt.
923 2383 941 2436 ς.
956 2376 981 2422 1.
984 2371 1025 2441 ff
1037 2372 1071 2424 de
1089 2392 1115 2426 o.
1135 2381 1161 2423 et
1212 2375 1305 2442 melori
1325 2370 1463 2426 commodo
1481 2379 1656 2422 recreaturum
1676 2377 1798 2430 exercet,
1815 2383 1848 2419 ιι
1867 2365 1936 2420 nuda
1956 2368 2037 2422 tradi·

337 2475 363 2509 ιι.
388 2456 432 2508 scd
447 2457 525 2508 etiam
537 2473 567 2508 eo
583 2455 689 2509 nornine
702 2455 870 2509 venditorem
885 2465 913 2508 ιι
925 2455 1011 2508 carius
1033 2455 1158 2520 rendere,
1210 2461 1281 2514 tione
1300 2451 1380 2510 iidem
1402 2455 1434 2509 de
1453 2456 1539 2525 pretio
1558 2453 1681 2509 bubuisse
1701 2453 1879 2509 constaretur.
1899 2451 1967 2505 Sunt
1980 2456 2039 2524 qui-

337 2551 483 2609 emptorem
499 2555 559 2592 sero
573 2539 652 2590 silius
666 2555 753 2590 emere
765 2537 876 2604 student,
890 2535 1007 2591 admittit
1020 2537 1038 2590 l.
1053 2539 1079 2590 8.
1091 2555 1114 2592 c.
1128 2539 1160 2593 de
1210 2543 1271 2596 dem
1287 2541 1332 2612 qui
1352 2557 1385 2594 ex
1403 2539 1521 2610 simplici
1543 2539 1690 2593 traditione
1707 2537 1825 2592 animum
1850 2537 1974 2591 credendi
1994 2556 2038 2594 ar-

336 2625 450 2678 rescind.
464 2623 561 2676 oeatlit.
575 2619 610 2673 Et
624 2625 647 2677 si
660 2619 756 2677 deiude
770 2621 854 2673 narius
868 2619 991 2685 tendant,
1003 2639 1081 2690 quam
1094 2638 1161 2676 eme·
1210 2627 1254 2698 gui
1273 2627 1325 2682 sibi
1346 2623 1498 2695 persuasum
1518 2622 1622 2687 babent,
1641 2623 1778 2695 praecipue
1796 2621 1830 2677 ob
1847 2622 1865 2676 l.
1890 2622 1934 2675 tt.
1963 2640 1988 2675 ι.
2001 2625 2034 2678 de

277 2723 287 2728 ·
338 2711 403 2772 siut,
419 2709 537 2780 ipsorum
556 2705 686 2760 industria
700 2716 727 2759 et
739 2713 860 2776 sumptus
882 2705 1000 2774 impensi
1019 2715 1158 2772 excusant,
1209 2729 1233 2765 r.
1245 2705 1275 2764 u,
1287 2711 1361 2764 ouri.
1376 2702 1538 2777 mancipium
1551 2705 1626 2778 pund
1637 2706 1777 2760 tradidisti
1790 2717 1816 2760 et
1828 2723 1860 2760 eo
1883 2705 1964 2759 modo
1987 2701 2054 2759 rio-¹

337 2793 403 2846 asleo
416 2805 443 2847 ut
456 2795 486 2846 in
498 2793 658 2846 rottscientis
678 2791 727 2846 bno
749 2793 846 2845 rationo
867 2791 918 2842 tuti
938 2788 1126 2860 perhibeantur
1143 2810 1159 2843 a
1210 2797 1324 2852 minium
1336 2795 1504 2851 transtulisti
1515 2803 1567 2847 etc.
1584 2801 1624 2846 ιιι
1642 2791 1684 2846 lex
1702 2809 1715 2844 a
1735 2789 1957 2844 dissentientibus
1978 2807 2036 2844 sen·

336 2875 485 2943 illeologls,
514 2875 567 2928 nisi
597 2875 703 2928 modum
731 2875 877 2939 elceslflnl,
904 2882 982 2942 plottl
999 2889 1033 2927 ΕΚ
1049 2871 1160 2926 Nitoltto
1209 2897 1266 2934 sum
1286 2879 1439 2950 impositum
1459 2895 1511 2931 non
1532 2877 1592 2930 feri,
1611 2873 1755 2928 Conlexlus
1773 2871 1895 2926 eumdem
1912 2873 1982 2928 hune
1994 2893 2037 2928 η.

336 2961 446 3011 llunuio
462 2957 703 3022 superinundante
715 2957 846 3014 luterens.
863 2956 927 3009 Lod.
947 2957 1036 3010 Dunte
1054 2968 1080 3011 ιι
1098 2956 1159 3011 aliis
1209 2982 1236 3020 ne
1254 2965 1363 3030 inntens,
1381 2962 1428 3034 qui
1451 2960 1585 3016 tradidisti
1598 2977 1629 3013 eo
1644 2959 1722 3011 modu
1739 2965 1769 3010 nt
1786 2956 1934 3009 dominium
1951 2968 2033 3012 trans-

337 3041 432 3097 iliffii·
451 3044 603 3112 Mfli'qu'fd·
622 3041 656 3095 ‘i‘
673 3042 722 3112 jur
724 3084 729 3097 ·
748 3055 856 3097 mimi·
877 3043 895 3095 i·
908 3043 932 3092 Ἃ·
944 3059 966 3096 ⁶·
980 3042 1004 3094 9·
1020 3059 1048 3092 Π·
1062 3041 1105 3094 ⁶¹·
1208 3053 1319 3118 tulerisr
1342 3069 1395 3106 non
1415 3049 1483 3104 nuda
1504 3045 1648 3101 traditione
1665 3041 1813 3096 dominium
1834 3043 1982 3097 tradidisti.
2002 3048 2037 3098 Α·

370 3137 392 3190 ι,
414 3131 440 3180 il.
461 3127 617 3199 Quaesitum
636 3126 681 3180 bio
701 3147 715 3181 a
733 3128 821 3180 multis
841 3125 962 3192 memini,
981 3143 1043 3178 num
1063 3139 1159 3178 merce·
1210 3143 1284 3208 perte
1301 3135 1444 3204 imperetur
1463 3133 1491 3185 in
1510 3134 1537 3187 d.
1550 3131 1569 3185 l.
1583 3129 1624 3182 19.
1629 3127 1669 3197 ff
1682 3127 1716 3180 rie
1728 3138 1817 3182 contr.
1832 3137 1910 3198 empt.
1923 3138 2029 3180 contra-

335 3224 377 3267 ¹⁰¹¹
395 3215 440 3284 (11ιί
460 3231 492 3267 ⁸¹
511 3229 622 3268 imm
640 3213 738 3266 mimi
757 3213 846 3280 1πιίἰο
865 3227 963 3264 ‘nelei’
988 3203 1157 3280 &Wlfflin
1210 3219 1285 3284 dicit,
1304 3217 1366 3270 dum
1385 3219 1421 3270 ita
1439 3215 1575 3270 enunciat:
1593 3209 1800 3286 quaternarii,
1822 3230 1880 3264 nou
1901 3210 1988 3266 aliter
1999 3213 2037 3282 fit

335 3300 415 3352 veluti
435 3293 616 3367 permutando,
637 3305 681 3347 ⁸⁰²
700 3293 811 3350 emendo
831 3296 863 3349 eb
881 3296 949 3356 aliis,
968 3296 1059 3364 maiori
1073 3298 1160 3364 pretio
1209 3301 1371 3374 accipientis,
1386 3319 1468 3373 paam
1482 3303 1508 3356 si
1517 3301 1563 3356 oei
1574 3291 1695 3371 pretium
1709 3297 1791 3352 nolis
1801 3295 1919 3351 solatum
1932 3297 1981 3360 sit,
1996 3298 2038 3350 uel

335 3381 447 3438 rendere
464 3382 557 3452 possit,
574 3381 671 3452 quibos
687 3381 784 3446 credit,
802 3399 881 3451 qoem
901 3392 991 3450 parata
1011 3383 1119 3456 pecunia
1135 3400 1160 3437 ιι·
1199 3388 1289 3459 fidem
1303 3371 1478 3442 hahuerimus
1489 3381 1617 3454 emptori.
1636 3379 1776 3452 Quomodo
1795 3379 1832 3434 ibi
1853 3381 2036 3436 controversia

336 3464 483 3518 mentibus?
502 3465 641 3518 Cossrrns.
661 3464 767 3518 variar.
786 3464 866 3517 resol.
883 3464 928 3517 iil.
942 3465 968 3518 2.
980 3481 1004 3516 a.
1019 3465 1043 3519 b.
1057 3466 1158 3519 tomb
1210 3470 1363 3534 incidisset,
1381 3485 1415 3522 an
1434 3457 1478 3526 reu
1495 3467 1623 3536 emptoris
1642 3463 1700 3530 fist,
1720 3466 1743 3519 si
1764 3484 1815 3522 uon
1827 3462 2036 3531 inissettsadits,

337 3567 365 3600 n.
384 3550 408 3600 d.
416 3549 483 3618 sere
501 3551 567 3600 circ.
579 3547 634 3615 fin.
655 3557 710 3600 tutu
730 3545 835 3600 demum
848 3547 926 3599 licere
938 3547 1042 3610 asserit,
1057 3547 1079 3599 si
1094 3565 1161 3601 mer·
1210 3554 1434 3607 atramentum
1454 3559 1528 3622 negat
1547 3546 1608 3604 beel
1628 3549 1768 3620 emptoris,
1788 3549 1841 3602 nisi
1863 3548 1901 3600 sel
1920 3550 2033 3618 pretium

336 3641 407 3682 catut·
425 3643 492 3684 certo
511 3640 642 3699 emptores
661 3645 719 3682 cum
739 3642 825 3700 parata
848 3629 955 3700 pecnnia
971 3629 1108 3684 babituros
1121 3651 1161 3701 pe·
1212 3635 1335 3698 solutum,
1356 3636 1395 3687 rel
1415 3630 1482 3688 lides
1502 3631 1590 3687 habita
1609 3632 1643 3687 de
1659 3632 1754 3703 pretio.
1767 3629 1843 3702 Quod
1858 3631 1961 3684 debitor
1975 3649 2036 3700 pro-

337 3713 441 3764 cnnism
462 3713 568 3778 majoris
587 3713 652 3763 lucri
672 3711 754 3780 gratis
774 3712 929 3780 impendere
946 3711 1160 3780 copiamhabest
1212 3717 1302 3781 babit,
1321 3717 1382 3786 quin
1401 3715 1429 3768 id
1458 3707 1539 3769 dubio
1564 3716 1654 3786 procul
1679 3713 1745 3769 iacti
1770 3728 1827 3769 est.
1851 3713 1891 3768 Es
1916 3717 2036 3788 pluribus

337 3812 410 3848 secus
429 3795 474 3850 ria
493 3793 694 3862 indulgendum.
714 3796 864 3864 blarquard.
875 3795 900 3848 d.
909 3787 932 3848 't
946 3815 973 3849 n.
987 3795 1032 3848 67.
1050 3805 1103 3848 tum
1117 3797 1160 3851 de·
1210 3799 1355 3852 Franakius
1367 3799 1404 3852 ad
1414 3801 1459 3852 tit.
1470 3799 1503 3855 de
1514 3809 1565 3852 act.
1578 3809 1660 3867 empt.
1672 3810 1698 3855 et
1710 3799 1812 3855 uendit.
1826 3817 1853 3854 a.
1870 3800 1896 3851 8.

337 3896 409 3930 mum
429 3879 509 3931 licere
528 3877 639 3941 asserit,
659 3893 716 3928 cum
737 3878 918 3932 verisimiliter
942 3879 1082 3934 solutionis
1099 3891 1162 3936 tem·
1245 3879 1269 3954 5.
1288 3884 1313 3936 9.
1331 3884 1420 3936 instes
1445 3881 1478 3938 ad
1503 3883 1646 3936 minimum
1674 3898 1765 3938 usuras
1789 3881 1934 3937 desiderari
1961 3901 2037 3954 posse

335 3981 400 4033 pore
418 3960 570 4014 ulteriorem
590 3963 704 4014 rulurem
724 3961 989 4030 aperirepotuisset,
1008 3979 1055 4016 neu
1074 3965 1162 4018 rendi·
1212 3966 1344 4037 putabam,
1363 3981 1423 4020 cum
1442 3975 1470 4019 et
1488 3967 1596 4038 iusuper
1614 3967 1716 4023 lnemm
1737 3983 1852 4034 cessans,
1867 3967 1889 4019 si
1903 3968 1973 4034 relit,
1990 3988 2034 4040 po

335 4059 376 4102 tor
393 4047 480 4111 aliter,
501 4046 557 4100 nisi
578 4045 714 4099 solutionis
734 4056 861 4114 tempore,
881 4045 979 4100 inisset
996 4047 1162 4102 seuditnsess
1212 4053 1308 4106 stulare
1327 4051 1410 4124 possit
1428 4049 1552 4117 omnious
1570 4053 1647 4123 sulgo
1665 4051 1714 4106 snb
1733 4052 1861 4106 interesse
1873 4051 1980 4121 quidetn
1994 4053 2037 4108 da·

336 4150 394 4198 cap.
413 4131 437 4184 d.
455 4142 482 4183 es
501 4131 546 4181 19.
564 4149 594 4183 rr.
611 4129 644 4182 de
662 4145 736 4184 usur.
767 4133 867 4186 veron
893 4129 970 4184 etiam
995 4139 1069 4185 extra
1090 4149 1162 4187 ussus
1211 4151 1300 4189 mrum
1318 4151 1455 4204 emergens
1474 4143 1575 4189 tentum
1595 4134 1758 4200 continetur,
1776 4151 1835 4188 cnm
1854 4153 1902 4205 pru
1928 4139 2036 4207 paribus

336 4217 401 4267 istos
418 4215 487 4268 baud
508 4223 595 4283 paratu
616 4215 726 4284 pecunie
743 4213 891 4266 ementibus
911 4213 1162 4268 erriussendereli·
1211 4235 1264 4270 noo
1284 4217 1438 4284 habeantur,
1456 4220 1555 4272 lucrum
1575 4220 1689 4289 perdere
1706 4229 1732 4274 et
1750 4219 1875 4273 damnum
1900 4222 1955 4290 pati
1975 4241 2035 4292 arg.

336 4317 395 4351 uere
413 4310 527 4360 ιιιιιιιο,Ι
545 4317 604 4350 nam
625 4296 693 4366 qnod
713 4305 838 4350 mercatus
855 4297 883 4350 in
896 4314 991 4365 genere
1003 4297 1088 4351 carlus
1102 4315 1163 4352 sen·
1211 4300 1229 4353 i.
1243 4297 1399 4367 medicusffi
1415 4301 1447 4356 de
1460 4319 1533 4368 oper.
1547 4299 1635 4354 libert.
1649 4300 1714 4371 hff.
1727 4319 1752 4356 c.
1762 4297 1795 4355 tie
1806 4302 1920 4354 codicill.
1944 4305 1979 4356 uti
1999 4323 2033 4358 ex

337 4381 400 4434 dere
419 4383 509 4446 valent,
528 4399 604 4450 quam
625 4380 681 4450 ipse
700 4381 766 4433 emit
785 4381 813 4432 in
831 4381 1073 4451 compensationem
1091 4381 1160 4435 libo·
1212 4384 1283 4438 Gall.
1295 4382 1339 4438 lii.
1354 4384 1379 4436 l.
1393 4385 1448 4438 obs.
1462 4385 1486 4436 d.
1497 4383 1651 4456 Marqnard.
1664 4385 1696 4439 de
1703 4385 1758 4456 p'ur.
1775 4402 1857 4438 merc.
1868 4382 1913 4438 iii.
1927 4385 1953 4438 Ξ.
1967 4403 1992 4440 ι.
2008 4389 2036 4440 8.

337 4465 385 4530 ris,
404 4475 563 4532 sumptuum,
583 4473 606 4516 et
629 4463 711 4530 ipsius
730 4465 1160 4533 peruniseosnsaest,qnascun·
1213 4483 1240 4520 rt.
1258 4463 1302 4520 ld.
1319 4465 1350 4520 ln
1369 4467 1557 4520 mercatoribus
1576 4484 1635 4522 tero
1654 4485 1713 4521 cnm
1734 4468 1834 4520 lucrum
1854 4484 1957 4520 cessans
1984 4485 2035 4538 pro

337 4559 377 4600 cta
399 4547 434 4606 its
454 4562 602 4616 computare
618 4548 681 4600 solut
695 4548 792 4616 peritus
809 4557 936 4600 inescatur
953 4556 980 4598 ιι
1000 4548 1078 4601 ιιΙιιι
1098 4565 1159 4602 ιιι·
1212 4547 1307 4602 ιΙιιιιι
1326 4547 1371 4612 sit,
1390 4549 1469 4602 etiarn
1489 4548 1554 4602 illud
1578 4551 1706 4604 iuteresse
1723 4551 1835 4605 numine
1848 4549 1971 4613 reuicta
1983 4569 2035 4620 qno

337 4629 430 4680 dendis
443 4631 510 4695 justa
527 4629 697 4697 proportione
710 4629 854 4699 imponere,
868 4637 894 4680 et
907 4631 977 4695 justo
995 4637 1113 4701 tempore
1139 4647 1159 4682 ι.
1211 4629 1256 4680 dn.
1276 4627 1378 4683 blosius
1395 4627 1487 4703 adjus
1498 4630 1552 4682 lui.
1566 4633 1605 4684 tit.
1621 4633 1644 4684 ³.
1662 4631 1701 4686 tit.
1715 4635 1741 4685 1.
1756 4643 1809 4687 art.
1824 4633 1849 4685 2.
1864 4651 1891 4688 a.
1905 4633 1931 4683 8.
1943 4650 2033 4685 venun

337 4731 362 4782 g.
375 4729 456 4782 prope
470 4709 601 4763 nundinas
615 4710 765 4780 lipsienses
778 4711 914 4780 pecuniam
930 4713 1074 4782 impensam
1098 4729 1158 4765 cum
1212 4710 1322 4779 probare
1340 4711 1368 4763 id
1388 4721 1520 4766 mercator
1538 4711 1615 4767 debet
1634 4715 1760 4770 dilucide.
1781 4719 1820 4770 De
1837 4715 1973 4786 nunidem
1989 4717 2035 4770 dn.

285 4834 290 4842 .
338 4795 457 4850 mercede
476 4796 587 4848 etlncru
609 4791 683 4846 licito
710 4809 741 4846 ιι
765 4793 881 4846 tenditis
901 4793 1008 4847 circiter
1031 4795 1162 4848 mercibus
1210 4796 1314 4850 hierius
1332 4793 1383 4848 dt
1404 4814 1430 4849 rs.
1445 4798 1469 4849 t.
1490 4798 1629 4868 Quousque
1646 4811 1731 4854 antem
1751 4801 1892 4854 mercatori
1914 4818 1945 4852 ιι
1964 4818 2033 4852 mer·

336 4883 467 4934 redactam
479 4887 588 4940 vortere,
603 4887 627 4930 ιι
640 4876 824 4932 verisimiliter
843 4875 909 4930 alibi
933 4877 1102 4946 impendere,
1118 4889 1161 4929 aut
1209 4877 1284 4931 cibus
1303 4878 1342 4933 sel
1360 4895 1471 4934 versura
1489 4879 1585 4936 lucrtsi
1604 4881 1686 4946 liceat,
1703 4900 1756 4938 non
1775 4901 1857 4953 usque
1873 4901 1973 4954 quaque
1985 4903 2032 4937 ex·

337 4983 387 5034 qus
413 4963 489 5015 datur
515 4976 613 5016 merces
634 4978 685 5030 pro
706 4960 839 5012 mercibus
858 4970 960 5013 mutire
979 4965 1074 5032 poscite
1099 4962 1160 5014 dum
1211 4961 1337 5030 peditum.
1354 4961 1391 5016 Ut
1409 4963 1566 5018 sententiam
1583 4965 1704 5037 inpensa
1724 4965 1865 5032 conferam,
1886 4968 1990 5022 diverso
2006 4989 2033 5022 a·

339 5065 399 5101 sero
415 5063 514 5101 merces
527 5046 586 5098 eliis
598 5041 721 5108 credidit,
746 5038 826 5095 fidem
848 5044 882 5096 de
900 5043 985 5115 pretio
1003 5042 1110 5108 habuit,
1135 5057 1161 5098 et
1210 5045 1282 5114 liquo
1300 5057 1420 5115 respectu
1440 5063 1496 5100 rem
1514 5056 1708 5104 controversum
1728 5049 1880 5120 sopiendam
1896 5051 1969 5105 duco.
1985 5053 2034 5106 lut

339 5131 443 5200 lougius
466 5129 583 5201 spatium
605 5127 762 5192 solutionis,
780 5143 860 5196 quam
883 5128 940 5198 ipse
964 5145 1010 5198 pro
1036 5129 1123 5181 labore
1138 5140 1162 5182 et
1210 5127 1282 5178 enim
1302 5129 1437 5196 pecuniam
1458 5138 1547 5181 mutuo
1566 5143 1696 5184 merentur
1715 5131 1798 5196 dedit,
1812 5143 1856 5185 ant
1876 5149 1972 5188 merces
1986 5135 2033 5186 alii

338 5215 486 5283 sumptibus
505 5213 560 5264 imo
582 5211 682 5282 aliquid
701 5211 804 5264 bonesti
825 5211 892 5263 lucri
914 5213 942 5265 in
962 5231 1062 5266 merces
1081 5214 1160 5283 impo-
1211 5210 1331 5265 veodidit
1349 5210 1389 5266 rel
1408 5211 1531 5266 credidit:
1549 5212 1591 5265 sin
1615 5215 1699 5286 prins,
1717 5215 1795 5269 etiam
1816 5213 1843 5268 in
1864 5215 1977 5287 imperio
1990 5235 2033 5270 ro-

337 5298 432 5358 suerit,
452 5296 576 5360 indulsit,
594 5309 639 5346 cnr
659 5313 709 5348 nun
728 5310 761 5347 ιι
781 5295 829 5346 boa
848 5297 931 5366 capite
951 5313 1002 5348 non
1016 5305 1103 5366 perata
1117 5313 1159 5365 pe·
1212 5311 1289 5347 mano
1307 5295 1458 5366 germanico
1476 5294 1575 5363 besses,
1588 5296 1613 5350 b.
1632 5315 1653 5352 e.
1674 5307 1734 5352 cetu
1753 5297 1780 5351 in
1800 5310 1904 5353 eentum
1925 5301 2033 5372 stipuli-

338 5382 415 5432 cunia
433 5380 583 5432 ementibus
603 5379 690 5431 carius
707 5379 820 5432 rendere
839 5379 950 5446 'quiretis
976 5379 1159 5448 permitterent
1212 5379 1233 5428 ri
1255 5395 1338 5448 posse,
1357 5379 1446 5432 nullus
1464 5376 1563 5443 dubito,
1583 5381 1726 5435 seeundum
1746 5383 1763 5436 l.
1777 5381 1819 5436 ld.
1831 5387 1853 5446 §.
1868 5385 1895 5436 l.
1912 5399 1937 5436 c.
1951 5383 1985 5437 de
2001 5403 2033 5436 u·

339 5461 408 5530 jure?
426 5464 528 5516 Exinde
546 5461 686 5514 indubitati
707 5463 772 5528 juris
791 5479 846 5517 esse
865 5477 932 5533 puto,
959 5462 1097 5514 mercatori
1122 5471 1160 5516 et·
1211 5476 1269 5515 sur.
1288 5461 1340 5512 nisi
1359 5461 1455 5515 alicubi
1474 5462 1590 5517 locorum
1609 5478 1741 5538 receptum
1760 5466 1798 5518 sit
1817 5467 1986 5530 maureium,
2000 5469 2032 5520 si·

341 5547 404 5610 ism,
424 5565 471 5616 pru
491 5545 622 5598 mercibus
640 5545 750 5598 cretius
767 5547 800 5598 ub
818 5559 938 5616 emptore
951 5548 1106 5600 solutionem
1122 5546 1159 5600 ul·
1210 5545 1264 5598 cuti
1283 5543 1316 5598 de
1332 5544 1466 5598 lubecensi
1483 5547 1673 5602 cousuetudine
1697 5549 1850 5619 Marqnard.
1880 5559 1987 5603 testatur
2004 5555 2030 5606 d.

338 5633 418 5689 terius
436 5631 564 5704 promisso
582 5627 720 5683 differentis
736 5633 818 5698 justus
838 5648 927 5686 usuras
947 5633 1056 5703 insuper
1070 5644 1158 5704 petere
1210 5629 1228 5684 l.
1241 5629 1267 5682 2.
1279 5648 1301 5685 c.
1316 5631 1342 5682 8.
1355 5647 1382 5683 a.
1395 5629 1438 5682 lb.
1457 5630 1569 5702 Imperii
1589 5633 1659 5688 enim
1680 5649 1804 5703 recessus,
1816 5633 1861 5707 qni
1875 5634 1941 5689 ultra
1952 5631 2030 5706 quin-

389 1403 526 1478 llpnpura
545 1397 569 1458 δ’
589 1401 681 1477 ἱμείρω
698 1417 748 1477 μεν
767 1393 952 1475 ἑχεινιιδιιιως
965 1395 991 1456 dl
1005 1399 1142 1466 πεπᾶθιι

388 1492 445 1546 Οιι
464 1485 566 1547 ι’θιλω
583 1506 690 1553 narras
708 1487 827 1564 ὥστερον
846 1482 921 1552 dbis
940 1482 1011 1554 δική.
