4460 6208
178 5469 194 5520 1

289 233 343 289 ιιι
611 181 615 188 ’
958 216 1207 278 neoccutrrs:
1802 227 1856 290 Μ

241 346 333 404 terre
359 323 518 402 Mantice
545 322 592 396 de
618 327 776 422 conjece.
801 323 924 392 ultim.
952 326 1091 392 uotunt.
1118 316 1182 390 tib.
1215 339 1244 385 ι.
1274 316 1334 388 tit.
1367 337 1396 387 r.
1423 306 1461 387 n.
1493 317 1565 418 13.)
1592 332 1655 396 sut
1679 305 1760 402 aliis
1785 331 1896 428 signis

240 431 325 504 sacti
351 442 473 500 extare
495 423 609 524 'possit
636 425 775 494 notitia.
802 423 940 520 Ecquis
963 421 1062 492 enim
1089 417 1290 490 alienorum
1317 432 1545 516 peccatorum
1571 421 1731 498 sensibus
1748 428 1901 506 internis

239 535 318 602 sive
343 527 450 600 corde
476 527 753 598 commissorum
784 520 931 594 habebit
955 524 1167 608 scientiam,
1211 520 1294 614 quis
1338 519 1424 590 talia
1451 537 1638 617 cognoscet
1667 525 1800 601 delicta
1821 585 1831 620 ,
1856 547 1894 606 et

239 630 338 726 quud
365 630 477 724 magis
502 641 580 712 est,
605 625 686 720 quis
712 622 902 694 lscmiuum
930 621 975 692 de
1000 623 1044 692 iis
1070 616 1264 719 judicabit3
1291 620 1500 689 cumcuim
1528 645 1637 693 nemo
1673 631 1896 724 cogitationis

239 751 395 828 poenam
421 729 497 826 pati
522 723 650 797 debeat
677 729 699 794 l.
737 723 790 792 18.
804 721 863 822 ff.
890 723 936 793 dc
955 725 1098 820 poenis
1125 715 1307 816 quomodo
1331 721 1493 818 ejusdem
1520 723 1675 816 cognitio
1708 727 1832 801 veniet
1858 733 1905 806 in'

239 829 426 930 judicium.
453 825 677 920 Quinetiam
704 822 863 920 inquiret
889 823 928 892 in
973 822 1110 894 sactum
1137 817 1343 906 occultum,
1380 821 1482 920 cujus
1508 820 1651 893 nullum
1676 837 1775 912 extat
1801 829 1897 905 iudi·

236 931 355 1018 cium,
382 943 419 998 et
445 926 542 1025 quod
570 928 609 996 iu
638 920 773 995 nullius
804 923 1013 996 mortalium
1042 918 1209 993 notitiam
1238 942 1399 1016 unquam
1428 923 1606 1016 pervenit.
1633 921 1739 998 Talia
1776 930 1900 1029 itaque

236 1052 321 1100 cum
348 1027 414 1100 soli
439 1027 603 1100 cordium
630 1024 819 1096 scrutatori
845 1022 918 1094 Deo
942 1035 1037 1094 certa
1064 1031 1155 1110 siut,
1181 1019 1344 1090 Fariuac.
1368 1043 1486 1112 prosc.
1514 1025 1661 1094 crimin.
1688 1025 1750 1100 lib.
1776 1052 1807 1104 ι.
1836 1037 1898 1105 tit.

241 1128 275 1200 3.
303 1139 446 1226 quaest.
473 1152 531 1200 ιι.
551 1149 652 1196 num.
671 1150 704 1224 7.
733 1124 851 1220 ipsius
876 1123 987 1192 etiam
1014 1123 1148 1221 judicio
1173 1119 1410 1216 relinquenda
1437 1133 1535 1194 sunt.
1560 1121 1708 1221 Heriug.
1734 1127 1898 1220 deside.

232 1228 369 1315 jussor.
395 1250 476 1322 cup.
511 1249 565 1296 ιο.
593 1249 694 1294 num.
722 1225 807 1314 448.
833 1219 945 1293 Nobis
971 1225 1121 1292 interim
1146 1219 1313 1306 sulliciat,
1339 1243 1401 1317 spe
1428 1217 1517 1308 frui,
1544 1221 1636 1293 nitut
1665 1236 1741 1297 tam
1776 1233 1894 1302 occul·

237 1337 316 1398 tum
343 1351 434 1416 esse,
459 1326 548 1423 quin
575 1324 664 1395 olim
692 1323 881 1394 reveletur.
911 1319 1107 1393 Prulrman.
1135 1323 1264 1393 consil.
1293 1319 1351 1409 qr.
1387 1325 1427 1388 in
1455 1319 1521 1408 fin.
1558 1335 1620 1392 aut
1646 1327 1676 1394 si
1702 1349 1782 1426 spes
1809 1327 1899 1406 haec

235 1424 357 1518 sallat,
383 1425 553 1524 gravibus
578 1425 831 1522 delinquentes
856 1421 1001 1494 diuinae
1030 1427 1100 1492 irae
1127 1420 1298 1491 reservari
1327 1421 1468 1516 poenis,
1493 1434 1529 1492 et
1554 1419 1683 1496 delicta
1719 1451 1811 1526 quae
1836 1429 1896 1506 hic
1993 1436 1996 1442 ’

236 1549 310 1597 non
335 1531 542 1627 expiantur,
570 1517 647 1596 illic
673 1538 820 1596 aeterno
846 1522 1022 1621 supplicio
1047 1521 1284 1618 compensari.
1313 1521 1418 1591 Secus
1458 1535 1579 1608 autem
1607 1525 1725 1596 estin
1753 1528 1796 1598 iis
1839 1555 1897 1604 ος.

237 1626 366 1717 cultis,
391 1653 482 1726 quae
507 1628 649 1722 siguum
677 1620 826 1720 aliquod
854 1627 910 1693 vel
938 1623 1115 1695 indicium
1143 1635 1223 1719 post
1249 1645 1285 1710 se
1312 1621 1536 1717 relinquunt,
1562 1619 1614 1694 ibi
1641 1625 1752 1696 enim.
1788 1629 1899 1728 Magi.

235 1739 411 1799 stratusa
441 1728 514 1798 Deo
540 1729 754 1796 constitutus
780 1724 939 1824 justitiae
966 1723 1262 1810 administrator,
1288 1745 1393 1791 suam
1418 1719 1608 1818 impendet
1642 1745 1823 1823 opernm,
1849 1753 1895 1802 ue

222 1830 429 1928 'quicquam
457 1829 678 1925 impunitum
707 1837 872 1911 maneat,
898 1823 959 1892 sed
985 1825 1114 1920 cuique
1142 1824 1259 1917 potius
1286 1823 1459 1918 jussuum
1481 1819 1673 1893 tribuatur.
1693 1825 1802 1900 Unde
1821 1851 1893 1902 cer-

234 1929 429 2016 tissimum,
454 1925 636 1998 occultum
663 1921 756 1995 nihil
784 1921 845 1993 tali
876 1921 980 1995 modo
1006 1921 1230 2017 cutitingere‚
1258 1919 1301 1989 de
1327 1945 1401 2016 quo
1428 1945 1499 1992 unu
1527 1924 1564 1991 iu
1592 1925 1679 2021 juris
1699 1925 1892 2024 prudentia

235 2037 354 2098 nostra
381 2027 604 2098 sanctissime
630 2023 889 2113 coustitutum,
914 2023 1019 2112 adeo,
1049 2037 1090 2092 ut
1116 2021 1224 2122 judex
1251 2021 1362 2090 etiam
1390 2021 1467 2091 sine
1494 2019 1566 2092 ullu
1594 2023 1707 2120 partis
1728 2025 1785 2100 vel
1824 2043 1893 2102 ter·

235 2129 275 2198 tii
298 2125 472 2212 laesione,
498 2126 716 2196 sententiam
745 2121 862 2195 ubivis
891 2122 983 2194 serre
1010 2125 1130 2219 possit.
1160 2119 1235 2192 Hoc
1268 2122 1386 2216 ipsum
1412 2120 1608 2192 dilucidius
1646 2125 1827 2222 explicare
1854 2133 1893 2202 in

235 2249 295 2296 rue
318 2229 476 2324 suscepi,
501 2225 670 2324 quamvis
695 2237 817 2292 autem
846 2246 986 2310 verear,
1015 2246 1059 2292 ne
1087 2221 1179 2290 vires
1207 2221 1343 2314 ingenti
1369 2245 1459 2318 qnae
1484 2219 1620 2292 debiles
1646 2238 1760 2312 sunt,
1806 2253 1898 2302 unus

235 2325 301 2396 lenc
329 2327 420 2397 serre
447 2338 629 2412 recusent,
655 2335 820 2395 attamen
849 2322 914 2392 tibi
941 2349 961 2392 o
990 2320 1245 2414 benignissime
1272 2320 1366 2390 Deus
1410 2321 1627 2409 conlidens,
1670 2335 1895 2424 propositum

233 2426 438 2521 aggredior,
465 2424 522 2498 Tu
547 2437 670 2497 sancto
696 2425 835 2522 Spiritu
861 2434 923 2494 tuo
949 2423 1122 2522 primitiis
1148 2418 1245 2491 bisce
1263 2419 1533 2511 meisndsistes,
1561 2419 1793 2526 laboremque
1810 2429 1896 2502 sub·

235 2521 380 2596 levabis.

921 2757 1166 2835 CAPUT
1213 2757 1243 2824 1.

470 3017 491 3069 S
510 3019 539 3074 ff
553 3017 590 3070 gs
602 3017 639 3070 gs
652 3017 681 3070 A
701 3018 724 3070 fl
742 3017 804 3070 [Α
1093 3001 1513 3073 ptionens.Signilicatnnim1.
1537 3023 1616 3062 omno
1641 3008 1685 3076 id,
1703 3015 1772 3081 qued
1799 3013 1831 3070 fit
1850 3019 1908 3075 ιῑῃ.

1093 3089 1242 3140 auctoritate
1260 3089 1405 3158 principis,
1425 3091 1468 3142 nlsi
1493 3091 1538 3144 ille
1565 3092 1741 3162 desideratur,
1759 3098 1854 3155 Glossa
1878 3106 1907 3156 ιἰι

224 3169 356 3242 Acceptio
374 3169 459 3225 uario
477 3170 599 3224 vocabuli
609 3167 714 3226 occulti.
729 3189 756 3224 n.
773 3173 799 3224 1.
1092 3171 1112 3220 l.
1126 3171 1215 3223 seiont
1226 3188 1320 3224 omnes
1334 3173 1358 3226 1.
1371 3191 1394 3226 c.
1405 3174 1432 3226 d.
1445 3175 1487 3228 leis
1499 3174 1547 3244 qui
1555 3193 1592 3228 en
1601 3178 1672 3240 publ.
1687 3191 1736 3232 rat.
1749 3199 1806 3248 pec.
1818 3203 1904 3257 oeeep.

227 3253 391 3322 Descriptio.
406 3253 473 3307 mi.
1094 3254 1119 3308 2.
1143 3254 1173 3304 ld
1192 3257 1259 3324 qarnd
1284 3253 1317 3306 lit
1334 3257 1429 3326 absque
1454 3257 1559 3313 decreto
1581 3261 1694 3327 judicis,
1710 3265 1815 3331 qnando
1841 3269 1907 3321 illud

227 3339 408 3394 Probuticnis
422 3339 502 3392 modi.
515 3358 542 3393 ιι.
558 3341 585 3392 3.
1094 3342 1278 3396 necessarium.
1296 3340 1414 3396 Bsrthcl.
1433 3343 1460 3397 in
1480 3345 1499 3396 t.
1518 3348 1544 3395 1.
1563 3347 1634 3398 ueri.
1656 3350 1820 3416 generaliter
1825 3351 1858 3422 s
1874 3358 1909 3408 ιιι·

225 3425 260 3476 Iu
267 3422 470 3490 probationibus
492 3423 650 3477 delictorum
672 3422 840 3478 omultorum
861 3421 1043 3476 admittuntur
1094 3423 1191 3476 bonor.
1201 3434 1273 3490 rapt.
1292 3426 1318 3478 3.
1330 3427 1406 3495 and
1426 3423 1459 3477 lit
1477 3445 1529 3479 nnn
1547 3429 1709 3482 obsersandn
1727 3433 1821 3488 ordine
1838 3437 1907 3504 judi.

257 3505 429 3558 testesetism
442 3505 632 3560 nostiusa.
649 3505 676 3558 1.
1092 3507 1143 3568 cii,
1162 3525 1216 3574 rap.
1235 3507 1280 3558 21.
1309 3507 1446 3570 .tertine,
1459 3512 1532 3563 verb.
1551 3528 1600 3565 nec
1611 3513 1649 3565 nd
1665 3515 1818 3577 petitionem
1836 3538 1866 3572 n.
1881 3521 1907 3574 d.

223 3591 271 3640 Aa
285 3591 418 3642 oecultum
430 3593 511 3644 cudat
523 3590 551 3642 in
565 3589 765 3662 justitinmin.
779 3591 804 3643 tt.
1092 3602 1207 3644 occusm.
1235 3589 1259 3642 1.
1286 3592 1361 3660 anrl
1381 3589 1525 3646 difficulter
1543 3595 1625 3648 nimis
1644 3597 1747 3665 probari
1767 3611 1861 3668 potest.
1879 3604 1904 3656 3.

223 3675 272 3724 An
282 3673 347 3744 legis
364 3673 435 3728 rntio
453 3688 557 3744 semper
569 3685 595 3726 et
607 3674 706 3743 ubique
721 3673 887 3745 manifesta?
903 3693 930 3728 ιι.
943 3675 969 3726 0.
1092 3675 1168 3744 Quod
1194 3691 1301 3744 prorsus
1325 3676 1457 3743 ignoratur
1475 3677 1591 3747 adeoque
1617 3678 1723 3748 probari
1749 3685 1860 3752 nequit,
1879 3697 1907 3740 ee

224 3760 274 3808 An
285 3757 314 3808 tt.
327 3757 445 3828 obligent
458 3757 797 3827 antepromnlgntionem?
809 3776 836 3810 n.
850 3758 875 3810 7.
1093 3759 1222 3813 vindictas
1239 3772 1332 3828 expers
1351 3771 1403 3826 est,
1421 3773 1448 3813 nt
1468 3761 1495 3813 iu
1513 3779 1572 3814 cun.
1596 3777 1619 3814 s·
1637 3781 1721 3819 causo
1740 3766 1784 3818 tn.
1803 3780 1905 3836 quaese.

224 3839 391 3908 Exemplum
405 3841 504 3894 occulti
512 3842 541 3892 in
552 3841 571 3895 i.
587 3841 613 3892 3.
616 3840 656 3909 ff.
673 3843 705 3894 de
717 3837 792 3910 offic.
809 3850 932 3907 praetor.
945 3859 975 3896 ιι.
989 3841 1016 3896 8.
1093 3842 1118 3892 ll.
1131 3843 1183 3895 Nos
1202 3859 1254 3896 nco
1273 3850 1369 3895 suenta
1388 3841 1562 3897 distinctione
1578 3845 1683 3909 occulti,
1702 3849 1730 3898 in
1750 3849 1817 3901 illud
1834 3850 1905 3919 quod

223 3921 313 3978 Aliud
323 3925 352 3988 in
363 3929 386 3986 ς.
400 3925 426 3974 '¹1
438 3924 657 3978 circumsessam.
672 3923 731 3976 ord·
746 3943 774 3977 ιι.
785 3925 812 3976 0.
1031 3985 1035 3992 Ι
1092 3943 1157 3994 pene
1175 3927 1225 3977 tale
1245 3925 1351 3995 etqucd
1371 3941 1472 3988 resera,
1502 3945 1579 3996 quarn
1602 3928 1753 4000 suppeditet
1777 3933 1851 3986 Alex.
1876 3935 1910 3988 ta

224 4007 308 4060 Cusus
321 4006 354 4060 rie
366 4008 500 4078 ingenuis.
510 4025 538 4058 n.
553 4009 596 4058 10.
1090 4008 1167 4063 Meso
1184 4011 1212 4061 in
1227 4009 1325 4076 specul.
1334 4009 1409 4081 juris
1421 4009 1466 4061 tit.
1480 4009 1504 4060 3.
1521 4009 1616 4078 partie.
1640 4014 1664 4065 l.
1683 4019 1703 4074 ς.
1717 4013 1743 4064 6.
1758 4025 1783 4065 et
1797 4017 1822 4065 7.
1835 4015 1907 4068 lllud

223 4093 273 4142 An
286 4091 374 4162 judee
393 4093 488 4145 debent
509 4091 801 4164 judiearesecundum
828 4093 1039 4162 mentientium,
1089 4096 1158 4161 quod
1179 4094 1297 4160 duobus,
1318 4093 1415 4157 tribas,
1435 4093 1475 4144 rel
1492 4096 1571 4144 etiem
1591 4094 1707 4163 quinque
1727 4096 1907 4168 testibusprn·

257 4193 294 4228 nn
313 4177 459 4234 seeundum
478 4187 540 4232 acto
559 4190 584 4230 et
599 4177 738 4242 probata?
756 4195 784 4230 ιι.
803 4180 848 4228 11.
1091 4177 1145 4229 bari
1165 4187 1262 4248 potesse
1280 4175 1329 4228 lanc
1346 4193 1407 4226 sero
1425 4173 1565 4228 secundum
1587 4175 1611 4225 t.
1625 4173 1845 4241 significationem
1858 4181 1907 4234 ds·

223 4257 318 4310 Judece
331 4269 423 4324 partes
438 4259 525 4316 citare
540 4261 627 4326 dedet.
644 4281 671 4314 n.
693 4261 737 4316 tn.
1090 4264 1221 4324 scribens,
1239 4261 1369 4314 occultum
1386 4259 1459 4329 (quc
1484 4259 1591 4311 nornine
1614 4258 1691 4312 etiarn
1717 4271 1833 4326 secreta,
1859 4263 1907 4318 ab.

220 4341 671 4399 61οιιια11ιιιὶιιιιι1ιιιίιιιι.ιι.13.
1089 4346 1219 4412 scondits,
1237 4362 1303 4416 quas
1326 4361 1379 4398 non
1402 4354 1531 4414 apparent
1552 4345 1570 4396 t.
1593 4345 1636 4398 77.
1653 4342 1694 4413 ff.
1721 4347 1755 4401 de
1778 4353 1906 4406 contrait.

222 4425 595 4500 Matrimoniipmesumpeio,
614 4447 640 4484 n.
661 4429 705 4482 ll.
1088 4440 1164 4496 empt.
1182 4439 1230 4484 etc.
1249 4431 1312 4483 item
1331 4447 1360 4481 ea
1380 4446 1447 4497 quse
1464 4429 1529 4480 clean
1549 4425 1617 4480 litent
1636 4429 1655 4482 l.
1672 4430 1699 4482 0.
1722 4428 1796 4498 prin.
1805 4430 1846 4501 ff.
1872 4435 1906 4490 a,

221 4509 311 4570 Cusus
327 4511 399 4566 circe
417 4513 635 4568 matrimonium.
654 4533 683 4566 ιι.
703 4515 746 4566 tt.
1090 4515 1190 4583 nequir.
1212 4515 1330 4586 posses.)
1347 4530 1380 4564 ax
1402 4523 1494 4582 quarta
1520 4509 1715 4582 significatione
1741 4511 1902 4586 definimus,

220 4589 251 4642 δι’
266 4602 348 4658 poter
363 4593 437 4652 nolit,
452 4596 481 4650 in
507 4595 644 4666 sponsalia
674 4597 843 4654 clandestino
871 4603 1033 4657 consentite.
1088 4598 1157 4667 quod
1180 4599 1229 4652 sit:
1245 4598 1423 4668 qualitasque
1449 4595 1544 4649 ceritas
1571 4597 1681 4666 tegitur,
1698 4595 1778 4666 adeo,
1797 4609 1826 4652 nt
1850 4590 1940 4654 unni

262 4694 291 4728 '⁸-
311 4677 356 4730 1⁰0
513 4739 517 4746 ,
1087 4685 1142 4738 nisi
1159 4684 1367 4738 extraordinarie
1385 4682 1491 4751 probari
1511 4683 1604 4752 possit.
1623 4681 1748 4736 Diximus
1765 4702 1814 4754 qua
1834 4687 1904 4740 seri.

217 4757 309 4811 Error
320 4760 492 4832 uirginitatis.
505 4783 532 4818 ιι.
547 4767 590 4818 17.
1085 4783 1121 4824 ιιι
1141 4771 1254 4838 tegitur,
1267 4769 1442 4838 intelligimus
1460 4778 1547 4821 autem
1561 4785 1633 4834 esna,
1647 4786 1711 4838 quse
1723 4770 1789 4838 juris
1801 4779 1828 4823 et
1838 4789 1905 4840 quse

219 4841 320 4896 “lm''
331 4846 491 4913 impotentia
502 4850 661 4920 generandi.
676 4871 704 4904 ιι.
719 4851 763 4905 13.
1089 4856 1153 4911 iacti
1170 4867 1227 4920 est,
1246 4865 1273 4906 nt
1291 4871 1323 4909 ex
1342 4851 1512 4924 sequentibus
1537 4851 1646 4922 pstebit.
1665 4853 1822 4906 Probabitur
1841 4871 1903 4909 sero

219 4926 355 4982 Proteus
370 4931 540 4987 matrimonii
552 4951 578 4986 ιι.
595 4934 638 4988 ts.
1088 4959 1134 5012 per
1152 4940 1268 5002 indicis,
1287 4937 1529 5008 praesumptiones,
1548 4946 1572 4988 ct
1598 4937 1772 5008 conjecturas,
1793 4937 1832 4988 uti
1859 4939 1904 4992 dat.

218 5009 312 5064 mm·
321 5015 409 5080 'Puris'
420 5028 445 5069 et
456 5019 608 5074 incestuosi.
624 5037 651 5072 ιι.
666 5019 709 5070 30.
1086 5024 1115 5076 in
1128 5041 1184 5092 cop.
1194 5023 1241 5075 illc
1254 5037 1301 5074 cos
1312 5037 1344 5074 n.
1356 5020 1381 5072 d.
1389 5019 1495 5090 pigner.
1504 5018 1668 5072 unanimiter
1680 5029 1802 5073 statuunt·
1816 5021 1903 5090 Quaen

217 5093 539 5163 l‘dl‘lmlllbtrf·n·2¹·
1087 5105 1306 5176 praesumptivam
1336 5111 1364 5154 et
1394 5103 1596 5166 conjecturstem
1628 5101 1828 5171 probationem,
1853 5121 1902 5174 pen

217 5177 303 5232 Cusus
314 5197 350 5233 ee
361 5198 423 5253 cap.
433 5201 483 5250 per
494 5197 555 5238 tuos
570 5188 612 5240 1⁰.
625 5206 655 5240 ι.
671 5187 705 5242 de
713 5188 821 5259 prodet·
834 5205 861 5242 ιι.
875 5187 919 5244 33.
1085 5191 1160 5258 plena
1178 5198 1204 5241 et
1222 5186 1388 5240 concludenti
1407 5183 1495 5237 haberi
1510 5201 1543 5238 ex
1555 5185 1687 5238 communi
1700 5183 1745 5236 dd.
1764 5185 1842 5238 tradit
1855 5189 1902 5242 ela.

220 5259 374 5320 7111013110
385 5268 533 5322 ‘'melim-
545 5288 574 5322 n.
586 5271 633 5322 23·
1086 5273 1208 5342 Carpant.
1223 5290 1306 5345 pron.
1322 5271 1429 5324 crimin.
1445 5287 1474 5335 p.
1494 5269 1519 5319 3.
1537 5278 1639 5336 quaest.
1660 5269 1721 5320 tus.
1741 5286 1769 5321 n.
1783 5271 1827 5322 33.
1841 5270 1899 5322 lmo

1083 5356 1310 5429 praesumptiones
1327 5371 1390 5424 ques
1408 5352 1487 5420 tutes
1509 5352 1537 5402 in
1555 5349 1655 5418 judicio
1668 5349 1702 5403 ita
1721 5349 1848 5416 admisit,
1861 5352 1904 5404 di·

216 5377 413 5506 Aggredinsnr
430 5434 520 5506 itaque
543 5437 580 5491 sie
599 5459 623 5492 a.
641 5439 667 5491 d·
692 5440 855 5512 propositum
874 5441 1031 5511 materians,
1083 5455 1174 5496 cuntur
1191 5438 1385 5510 liquidissimae
1397 5436 1574 5507 probationes.
1592 5431 1726 5486 Francisc.
1739 5435 1842 5488 Visius.
1855 5433 1900 5490 dec

213 5526 239 5567 et
257 5520 345 5587 prima
370 5516 472 5584 irnnte,
497 5518 589 5572 missis
615 5523 768 5588 inutilibus,
793 5525 911 5580 vocabuli
932 5527 1031 5581 occulti
1081 5527 1128 5580 ris.
1150 5523 1260 5594 neapol.
1283 5521 1342 5576 tto.
1368 5540 1397 5575 ιι.
1415 5520 1440 5573 3.
1459 5529 1485 5574 et
1504 5519 1529 5572 3.
1550 5517 1631 5572 Ροιιο
1650 5519 1679 5571 ἱι
1700 5517 1938 5588 ριιΙιιιίοιιίΙιιιι1

211 5604 412 5674 explicationem
430 5605 582 5678 varientque
598 5607 714 5676 ejusdem
733 5609 761 5662 in
778 5612 837 5682 jure
856 5623 943 5670 nestro
962 5629 1031 5668 aree·
1082 5609 1235 5681 praesertim
1253 5605 1408 5661 delictorum
1426 5603 1589 5658 occultorum
1608 5603 1783 5658 admittuntur
1803 5615 1902 5672 uetes,
