4460 6208
344 464 399 520 ret

291 562 321 616 in
346 557 515 628 negotiorum
540 549 718 610 contractibus
743 555 913 610 receerunt,
939 539 1113 610 moeieeeque

181 661 188 675 ⁸
290 643 320 700 its
335 641 466 712 pecunius
485 637 647 696 mutuaticae
665 649 732 698 usu,
752 649 782 686 ec
799 629 896 686 deinde
915 627 1021 682 modum
1050 639 1112 695 poa·

289 745 340 782 nae
355 727 433 782 istius
449 725 640 795 gravissimum
658 713 835 790 imponendae
853 723 978 773 mceuset,
997 727 1050 779 qno
1065 719 1114 764 ter·

289 813 337 866 tiis
354 809 481 866 nundinis
493 808 626 864 debitores
639 805 678 860 rel
697 801 786 873 capite
798 798 881 870 plexi,
896 796 936 850 vel
949 791 1113 860 venumdati,

291 898 329 950 tel
349 895 376 948 in
396 906 485 964 partes
503 892 620 944 dissecti.
646 886 780 944 Duritietn
806 883 870 936 lieet
897 877 1014 934 modeste
1040 885 1114 930 ester

293 977 487 1050 tempersterit,
509 975 683 1030 foeneratores
710 979 796 1020 temen
822 965 877 1019 nisi
900 963 1035 1032 improbos
1053 976 1115 1014 nus·

291 1080 369 1132 nnsm
388 1061 557 1120 tismrturunt,
576 1057 623 1108 sed
643 1053 789 1106 honestiori
811 1049 965 1102 conditione
978 1048 1115 1115 ipsemer-

291 1159 379 1198 cutura
397 1143 554 1196 habuerunt.
574 1137 709 1206 Negotieri
731 1133 909 1188 nobilioribus
935 1142 1010 1198 turpe
1038 1129 1117 1182 habe·

292 1229 384 1288 batur,
404 1224 495 1276 foenus
512 1237 633 1274 exercere
652 1219 812 1287 neutiqusm.
832 1215 896 1268 Cato
914 1211 1038 1283 quidem,
1065 1213 1111 1266 Ci-

292 1327 386 1364 rerone
404 1319 476 1370 teste,
495 1306 643 1360 homicidae
659 1303 776 1372 eequosit
794 1299 995 1362 foeneratorem,
1009 1297 1055 1351 sed
1068 1297 1114 1351 du·

290 1393 335 1447 bio
349 1393 438 1464 procul
452 1392 489 1443 ibi
505 1391 610 1442 modum
621 1425 629 1451 ,
640 1405 692 1441 non
711 1404 767 1440 rem
785 1382 913 1452 culperis,
933 1397 966 1434 ne
986 1383 1072 1450 ipsum
1088 1397 1115 1434 se

290 1479 433 1532 occisorem
446 1477 520 1543 vulgo
534 1472 718 1531 exhibuisset,
743 1486 836 1540 pueros
855 1467 928 1520 enim
954 1475 1056 1534 emptos
1075 1465 1115 1517 in-

291 1557 564 1623 stituendoscurnvit,
585 1571 637 1624 quo
654 1553 768 1622 graviori
795 1550 918 1602 tenderet
934 1551 1035 1620 pretio,
1056 1547 1112 1600 etu-

291 1643 380 1697 tsrcho
399 1651 471 1694 teste.
490 1641 625 1693 Plutonem
647 1638 674 1688 in
692 1634 793 1706 republ.
807 1650 850 1686 sue
863 1635 942 1685 etiem
969 1631 1114 1685 foenerato-

291 1725 385 1778 reslib.
400 1725 425 1776 tt.
439 1721 472 1777 rie
484 1723 513 1774 il.
527 1723 674 1786 demnesse,
686 1720 753 1771 bene
768 1718 888 1781 memini,
905 1715 949 1769 sed
964 1717 1113 1788 reipublice

290 1809 379 1876 ipsius
391 1806 466 1877 pingi
479 1805 669 1874 serius,quurn
696 1802 827 1855 introduci
851 1803 961 1870 poterim
988 1801 1009 1852 si
1034 1819 1112 1854 oenoe

291 1889 374 1954 istud,
387 1889 455 1958 qnod
470 1888 636 1942 inhonestum
648 1897 801 1956 quaestum,
814 1885 933 1958 qtsamtis
952 1901 984 1936 ex
1004 1881 1113 1938 ioenore

292 1989 347 2026 non
361 1972 476 2024 dixerim
489 1971 665 2040 simpliciter.
686 1969 803 2032 redolet,
823 1981 854 2019 ex
874 1969 1007 2037 republicu
1026 1968 1112 2020 elimi-

292 2055 417 2120 nandum,
432 2072 554 2125 quorsum
561 2052 849 2123 fhmectios,quornm
864 2053 881 2102 i.
895 2053 920 2103 t.
942 2059 964 2114 §-
984 2052 1008 2104 ὅ.
1021 2049 1062 2121 ffi
1080 2051 1114 2105 de

293 2158 366 2196 usur.
381 2141 522 2208 meminit,
543 2135 669 2194 babebis?
691 2139 763 2190 unde
775 2135 914 2191 carnifices
932 2137 1112 2194 desiderabis?

291 2242 384 2279 omnes
397 2234 483 2278 tamen
496 2226 560 2279 adeo
575 2225 735 2295 reipublicae
747 2223 917 2287 recesserim,
931 2221 984 2276 nisi
997 2223 1055 2294 ipse
1071 2242 1112 2280 sa·

293 2309 353 2360 dem
366 2325 444 2378 opero
457 2307 531 2379 fungi
546 2309 645 2361 malles.

327 2399 350 2456 ς.
364 2393 389 2446 3.
410 2391 454 2447 hst
471 2395 528 2461 jure
546 2392 638 2446 divino
656 2391 808 2463 prohibitos
827 2407 918 2447 usuras
936 2409 1010 2458 esse,
1023 2410 1055 2447 ex
1069 2411 1110 2448 vs-

292 2480 341 2531 leri
356 2475 421 2531 iorte
433 2488 460 2531 et
474 2495 501 2532 n.
517 2489 534 2532 t.
548 2477 669 2532 evincent
689 2476 860 2532 testimonis?
879 2477 918 2530 Ex
935 2478 1041 2550 Exodo,
1063 2481 1111 2533 Le-

292 2561 370 2616 vitico
387 2572 413 2617 et
427 2561 631 2615 Deuteronomio
644 2561 786 2627 adducunt,
800 2561 845 2614 nbi
859 2563 1021 2632 prohibitum
1035 2563 1112 2618 irutri

291 2645 395 2701 foenori
413 2647 485 2700 dare.
503 2649 539 2700 Ut
560 2657 657 2700 teeeem
676 2646 794 2698 diverses
811 2645 881 2696 circe
895 2645 941 2698 bus
955 2646 1112 2716 interprete·

292 2733 376 2787 tiones
407 2731 565 2794 sententias,
596 2747 680 2784 meatu
712 2729 738 2782 in
763 2729 916 2799 compendio
941 2730 1112 2802 subiungens.-

293 2817 462 2881 multisunt,
481 2816 527 2884 qui
544 2831 574 2865 eo
594 2815 725 2882 grauiores
742 2829 852 2877 nsures,
869 2831 933 2880 quas
961 2814 1111 2872 mordentes

294 2909 394 2963 vocent,
412 2915 443 2952 ex
463 2899 588 2952 idiomsle
608 2897 720 2950 hebraee
738 2896 874 2949 Nercheclr
894 2895 975 2950 fuisse
993 2901 1111 2970 prohibi.

292 2998 343 3049 las,
367 2982 462 3036 Turbit
479 2999 539 3035 tero
558 2999 604 3034 cen
623 2983 736 3035 leniores
756 2981 903 3050 permissas.
922 2982 1021 3034 Verum
1034 2999 1059 3036 et
1073 3003 1114 3037 to·

292 3084 350 3120 cum
370 3067 487 3134 acceptio
513 3083 560 3134 pro
588 3065 638 3117 ista
667 3065 799 3118 sententie
824 3065 995 3134 legitimandi
1022 3068 1110 3135 prius,

291 3168 349 3203 cunr
370 3167 422 3202 non
441 3149 541 3218 ubique
558 3147 643 3214 obtin,
665 3150 698 3201 dc
717 3165 768 3216 quo
787 3147 931 3202 Selmusius
949 3150 974 3202 d.
996 3168 1071 3206 nster.
1086 3175 1114 3221 p.

832 448 1023 507 nlseurtr.
1038 446 1127 500 xvtt.
1144 445 1247 500 rtur.
1266 446 1300 500 ll.
1318 445 1394 500 ChP.
1412 445 1449 500 tt.

1164 553 1197 591 ex
1215 535 1364 603 ludaeorum
1383 536 1487 607 legibue
1504 531 1603 591 servari
1629 530 1747 599 volebst,
1772 534 1907 606 repetebat
1930 551 1990 611 non

1166 618 1253 684 modo,
1272 619 1316 674 sed
1337 623 1417 675 etiem
1435 618 1611 683 extendetur,
1630 617 1708 685 buius
1724 635 1803 682 vero,
1821 617 1855 673 de
1882 619 1990 675 insonte

1166 722 1219 760 non
1238 705 1324 757 dendo
1343 703 1432 771 irstri,
1451 704 1552 758 nullum
1571 707 1735 760 mentionem
1755 702 1827 758 iecit.
1853 704 1909 760 Nec
1931 723 1989 770 cup·

1166 789 1192 841 6.
1210 805 1239 841 v.
1258 790 1302 840 ³⁰.
1319 799 1347 842 et
1365 789 1407 844 tt.
1428 789 1495 842 inihi
1513 787 1706 858 impedimento
1723 799 1778 852 est,
1792 787 1987 860 catepanus..

1167 883 1298 929 ermestun
1312 876 1376 930 dete
1385 873 1526 938 pecuniam
1538 871 1618 925 etium
1631 891 1689 926 note
1702 873 1851 928 redditum.
1867 873 1989 928 Christus

1167 959 1238 1011 enim
1257 957 1295 1012 ibi
1308 957 1340 1011 ed
1360 956 1565 1012 benevolentiam
1578 955 1691 1010 innitere
1703 957 1793 1020 soluit,
1806 973 1840 1009 ne
1851 954 1915 1011 dare
1925 973 1989 1027 peo-

1165 1043 1271 1112 peribus
1289 1053 1484 1107 aversarentur,
1503 1041 1638 1094 erumnis
1658 1039 1708 1093 ists
1727 1060 1740 1092 e
1760 1049 1901 1110 preecepto
1926 1041 1988 1093 uni-

1167 1124 1259 1178 rerseli
1275 1121 1302 1176 d.
1315 1141 1338 1177 e.
1352 1124 1376 1176 b.
1389 1141 1412 1174 ν.
1427 1125 1471 1176 ³1.
1492 1124 1557 1176 Luc.
1575 1121 1725 1191 dependere
1742 1122 1838 1187 soluit,
1854 1130 1884 1174 ut
1902 1121 1990 1176 cbari-

1166 1214 1243 1258 tetem
1263 1221 1278 1256 e
1296 1205 1373 1259 nobis
1393 1205 1554 1259 metiremur.
1573 1205 1641 1276 Quis
1658 1212 1745 1257 autern
1766 1204 1905 1258 bominum
1923 1205 1986 1274 erit,

1164 1289 1220 1360 qui,
1238 1288 1316 1342 modo
1337 1290 1435 1359 possit,
1454 1306 1514 1342 curn
1533 1305 1609 1343 neure
1628 1287 1739 1342 reddere
1757 1289 1826 1342 nolit
1851 1299 1985 1356 mutuum,

1165 1388 1215 1440 quo
1234 1371 1260 1424 in
1280 1372 1462 1425 necessitatem
1481 1372 1521 1426 vel
1541 1387 1642 1424 summe
1668 1369 1817 1440 indigentie
1843 1373 1927 1426 sensit
1950 1371 1989 1424 le·

1164 1449 1276 1506 remen?
1293 1451 1360 1508 Nori
1377 1455 1496 1524 quidem,
1517 1470 1623 1522 magnes
1635 1455 1798 1507 auctoritatis
1814 1455 1946 1526 theologos
1958 1463 1986 1506 et

1164 1551 1196 1586 ex
1216 1537 1335 1604 patribus
1352 1538 1476 1606 quosdam
1494 1537 1641 1590 contraries
1666 1536 1811 1590 sententies
1837 1553 1914 1605 esse,
1939 1537 1988 1592 sed

1164 1621 1187 1674 si
1205 1621 1308 1675 Christi
1325 1623 1402 1675 serbe
1419 1625 1445 1677 d.
1464 1621 1483 1675 l.
1502 1621 1658 1692 gouersliter
1671 1620 1824 1692 disponunt,
1835 1639 1886 1691 qne
1899 1622 1988 1693 eequi-

1164 1707 1208 1760 teti
1228 1709 1313 1776 pistor
1332 1723 1425 1778 penem
1445 1707 1557 1770 vendet,
1576 1707 1599 1758 si
1618 1706 1680 1758 dere
1698 1707 1775 1760 debet
1792 1710 1875 1776 gretie
1894 1720 1986 1778 peten-

1164 1791 1245 1845 tibus.
1270 1790 1495 1845 communionem
1516 1793 1544 1844 in
1564 1791 1700 1860 primitive
1718 1791 1825 1843 ecclesie
1843 1793 1911 1861 quod
1928 1793 1990 1848 etti·

1164 1886 1223 1939 net,
1242 1890 1312 1928 extre
1333 1876 1593 1946 hyerosolymitnnem
1608 1875 1702 1928 nullibi
1717 1873 1777 1950 init.
1789 1875 1921 1930 Omnibus
1934 1875 1985 1929 ita·

1162 1961 1214 2028 que
1231 1961 1352 2030 exemplo
1370 1977 1426 2013 esse
1445 1961 1548 2028 nequit,
1565 1958 1634 2028 quod
1653 1959 1772 2027 pluribus
1786 1961 1917 2014 adstruere
1930 1979 1988 2018 tne-

1165 2046 1283 2109 ditabat,
1302 2045 1346 2098 sed
1365 2047 1417 2115 jam
1437 2041 1501 2098 bnis
1521 2044 1697 2116 imponendus
1716 2045 1828 2115 penebat
1845 2047 1978 2112 obicem„

1196 2131 1220 2196 §-
1239 2129 1263 2180 t.
1277 2128 1313 2183 Ut
1331 2129 1362 2183 ed
1383 2129 1547 2200 propositum
1567 2138 1704 2194 reverter,
1724 2130 1809 2184 Titius
1829 2147 1936 2187 uersum
1949 2153 1987 2188 so·

1163 2212 1250 2265 lutnro
1267 2215 1377 2284 quidem
1397 2224 1511 2284 perstem
1531 2215 1667 2284 pecuniane
1689 2233 1740 2267 non
1761 2215 1822 2282 dat,
1837 2216 1881 2270 sed
1895 2235 1993 2274 nemen

1164 2298 1232 2368 apud
1252 2297 1343 2367 Cejurn
1365 2300 1441 2353 sortis
1458 2285 1566 2352 'centurn
1578 2309 1603 2352 et
1618 2316 1755 2354 usurarum
1765 2320 1866 2372 qtroque
1882 2314 1989 2357 centum

1164 2385 1250 2452 cedit,
1269 2384 1456 2457 producentis
1476 2396 1562 2438 tumen
1585 2403 1677 2439 ustrres
1695 2388 1793 2457 exigit,
1808 2405 1870 2442 nutu
1891 2390 1992 2454 celest,
2060 2417 2063 2426 .

1162 2467 1315 2541 quaeritur?
1334 2472 1395 2542 Ipse
1413 2470 1544 2526 tunderem
1559 2473 1735 2526 intentionem
1751 2473 1846 2526 hebere
1859 2484 1991 2544 peterem,

1163 2569 1272 2628 propter
1284 2557 1302 2608 i.
1315 2559 1339 2608 6.
1352 2575 1376 2610 c.
1388 2557 1414 2609 ri
1423 2567 1487 2609 cerr.
1498 2567 1553 2626 pet.
1573 2567 1598 2612 et
1617 2559 1760 2628 praecipue
1778 2555 1847 2628 quod
1868 2556 1912 2610 hic
1933 2575 1993 2628 per·
2017 2602 2020 2608 .

1163 2659 1224 2694 sona
1243 2640 1369 2696 debitoris
1387 2649 1485 2694 mutate
1506 2640 1595 2708 irretit,
1610 2642 1654 2693 ubl
1670 2657 1762 2695 usurae
1776 2659 1914 2695 usursrum
1934 2641 1990 2711 peti

1165 2726 1261 2790 valent,
1281 2727 1381 2797 dequo
1400 2727 1444 2778 dd.
1463 2727 1649 2778 cornmuttiter.
1668 2724 1802 2778 Cessionis
1822 2729 1983 2780 mentionem

1165 2809 1299 2874 ficiebam,
1314 2827 1365 2862 non
1378 2810 1451 2878 qttesi
1467 2810 1537 2862 illam
1554 2809 1659 2862 mnrium
1673 2825 1806 2862 versurae
1820 2809 1898 2874 buius
1912 2827 1989 2878 egun-

1163 2913 1247 2960 smm,
1268 2897 1373 2966 proprie
1390 2893 1459 2964 qttod
1479 2894 1587 2946 traditio
1607 2894 1840 2963 incorporalibus,
1860 2897 1916 2960 eius
1929 2891 1993 2949 offi-

1162 2980 1204 3030 cio
1223 2979 1251 3030 in
1268 2979 1370 3047 juribus
1390 2976 1525 3046 iungitur,
1550 2976 1595 3031 sed
1624 2978 1694 3045 quod
1715 2979 1844 3032 mediante
1868 2985 1988 3038 cessione

1163 3078 1298 3116 uersurum
1319 3061 1449 3124 fecturus,
1468 3063 1575 3116 numine
1594 3066 1691 3132 potitus
1709 3063 1753 3116 sil.
1779 3066 1878 3117 Verum
1903 3053 1988 3121 Titius

1163 3149 1271 3214 quidem
1290 3163 1425 3202 uersuram
1444 3145 1545 3200 lecturo
1563 3149 1701 3217 pecuniam
1721 3147 1822 3212 eredit,
1840 3149 1887 3202 hac
1901 3149 1994 3203 condi-

292 3253 329 3285 nt.
348 3235 411 3286 ctt.
430 3246 609 3302 preetrrquum
629 3232 696 3302 quod
711 3242 826 3286 textuum
846 3236 1000 3300 generalitas
1019 3237 1113 3290 distin·
1167 3233 1251 3293 lim,
1271 3240 1299 3283 ⁰1
1319 3231 1387 3284 iutra
1407 3244 1507 3286 certum
1530 3242 1630 3302 tenpus
1650 3232 1718 3286 idem
1739 3232 1843 3295 reddet.
1863 3234 1920 3303 ipre
1947 3235 1991 3288 de·

292 3319 373 3370 ctioui
392 3317 488 3371 obstet.
508 3315 561 3368 Alit
580 3319 663 3386 legem
683 3334 736 3368 non
755 3317 787 3370 ed
801 3317 967 3382 omnes,sed
979 3337 1114 3392 pauperes,
1166 3316 1235 3368 bitur
1258 3315 1359 3369 interes
1381 3317 1457 3368 bonis
1475 3317 1588 3369 lubitur:
1608 3317 1697 3370 Titius
1714 3315 1805 3370 dolens
1823 3332 1857 3368 ex
1876 3333 1986 3374 cercuro

291 3403 450 3472 praesertim
469 3401 536 3472 quod
554 3412 638 3454 textus
655 3401 763 3472 quidem
782 3401 847 3464 sint,
866 3403 962 3469 qulbus
983 3418 1115 3474 respectus
1167 3399 1259 3470 cajum
1273 3417 1317 3452 sun
1332 3401 1441 3469 pecnnia
1456 3401 1611 3453 solutionem
1631 3401 1775 3468 recepisse,
1790 3399 1929 3454 condicere
1941 3421 1983 3472 ps·

292 3488 384 3542 heberi
402 3488 517 3543 ridentur
536 3488 568 3540 ud
588 3504 730 3557 pauperem
749 3503 839 3542 terum
866 3505 1009 3557 pauperes,
1036 3507 1115 3559 qusn-
1166 3487 1269 3537 cuniam
1288 3483 1321 3537 ab
1341 3485 1432 3538 endem
1452 3485 1514 3552 Cajo
1532 3484 1637 3551 satagit,
1655 3485 1988 3552 otrmrslest,qoeeriturt

293 3583 348 3626 tum
367 3573 497 3640 conjicere
514 3572 589 3634 licet,
608 3571 673 3638 legis
691 3570 792 3624 occasio
809 3569 893 3636 fuere,
915 3582 1001 3624 textus
1015 3584 1114 3644 specte·
1168 3569 1238 3622 Satis
1258 3568 1384 3637 praesidii
1402 3585 1461 3621 eum
1477 3567 1575 3622 bebere
1588 3568 1712 3640 eredopin
1732 3567 1750 3620 i.
1762 3567 1794 3618 Si
1803 3579 1828 3622 er
1841 3582 1921 3624 meet
1937 3569 1988 3623 m·-

294 3657 333 3712 vit
351 3654 384 3709 ed
401 3673 493 3710 omnes
512 3655 624 3720 iretrese
644 3655 797 3726 praesertim
815 3656 938 3724 quoniam
958 3656 1116 3712 iutiueeneo
1167 3653 1233 3708 tittm
1243 3652 1285 3724 ff·
1303 3657 1337 3708 de
1354 3673 1377 3708 r.
1394 3671 1417 3708 c.
1436 3653 1505 3722 quud
1524 3656 1561 3707 ite
1579 3673 1691 3724 eeqnutu
1711 3674 1765 3710 non
1784 3659 1915 3728 putruerit
1933 3659 1993 3713 siue

294 3745 440 3790 merceture
460 3738 594 3803 ferveret,
621 3753 669 3790 nec
687 3737 788 3792 diuitiis
807 3735 871 3791 edeo
896 3740 1063 3807 abundaret,
1088 3753 1116 3795 ut
1167 3741 1300 3791 voluntate
1318 3756 1374 3792 men
1390 3755 1469 3808 quem
1495 3740 1575 3808 potiri
1602 3741 1712 3808 pecunie
1731 3757 1797 3794 mee.
1815 3743 1892 3796 Hanc
1908 3743 1994 3812 legem

292 3838 412 3876 uersuta
430 3821 509 3876 icelle
526 3818 616 3880 lieret,
634 3821 683 3874 soli
704 3838 830 3891 pauperes
848 3835 1035 3877 consueverunt
1059 3843 1117 3878 mu·
1139 3765 1144 3860 Ι
1166 3819 1272 3888 quidem
1291 3835 1396 3874 rutum
1415 3831 1488 3875 roret
1508 3821 1673 3883 Mettocltt'ttr·
1692 3822 1801 3877 intirim
1812 3841 1863 3876 που
1871 3825 1994 3895 explicet.

293 3916 368 3958 tuum
389 3904 487 3971 iecere,
507 3903 692 3976 prohibebitur
710 3908 799 3974 itaque
816 3907 849 3956 eb
868 3905 902 3957 iis
920 3923 1010 3959 usurus
1028 3925 1116 3962 sume·
1165 3901 1219 3972 Ego
1233 3904 1281 3956 hie
1295 3915 1413 3974 tempore
1427 3904 1581 3974 impeditus,
1593 3905 1625 3958 ed
1639 3907 1707 3960 Pete.
1721 3907 1831 3962 Lerietti
1841 3909 1872 3962 sb
1882 3921 1993 3964 esterno

294 4005 331 4042 re.
349 3987 464 4042 Effectus
484 3989 549 4058 legis
569 3989 693 4058 pertinuit
710 3987 964 4053 edomnes,nelex
977 3989 1118 4046 lustrense
1165 3989 1193 4040 in
1206 3989 1446 4043 comm.cc1tit.de
1459 4008 1483 4041 r.
1495 3991 1698 4063 nerodiegettt
1724 3993 1802 4058 itane,
1830 3995 1875 4046 ubi
1896 3995 1993 4066 praxiu

294 4077 419 4129 eraritise
436 4074 489 4142 sit,
507 4075 641 4128 neminem
662 4072 739 4126 t'eeile
766 4091 904 4144 properem
929 4076 999 4130 inter
1015 4075 1118 4146 ,irstres
1165 4073 1285 4139 eiusdem
1303 4072 1424 4137 exhibet,
1442 4075 1568 4128 lectorem
1588 4078 1704 4131 remitto.
1724 4077 1774 4132 Ast
1792 4079 1916 4132 solvendo
1935 4081 1994 4149 qui·

295 4161 406 4216 censori.
426 4163 481 4214 llsc
499 4161 600 4214 retioue
618 4159 713 4214 nullibi
728 4158 862 4224 distinxit,
876 4163 1034 4229 pressertim
1049 4163 1117 4217 Den-
1166 4157 1227 4208 dnm
1252 4165 1293 4208 ert
1318 4173 1442 4220 versura,
1468 4158 1569 4209 rubent
1589 4167 1707 4227 tempore
1725 4171 1835 4226 statuto,
1854 4164 1900 4215 sed
1918 4168 1986 4235 qnod

298 4243 464 4308 teronomio,
484 4241 563 4295 sicuti
581 4240 710 4293 distinxit
730 4242 757 4294 in
785 4244 897 4310 pignore
923 4245 1070 4313 capiendo,
1090 4257 1118 4298 ut
1165 4243 1356 4296 nullesusurss
1376 4241 1507 4312 promisit,
1524 4241 1999 4318 heseedetrcetetiAdigieopotest

293 4329 405 4403 pauperi
424 4338 485 4381 ente
504 4327 700 4380 solisoeoesum
721 4325 891 4393 redderetur,
918 4328 1040 4399 locupleti
1065 4348 1116 4384 non
1164 4324 1255 4380 cilicio
1273 4325 1383 4394 judicis,
1402 4337 1508 4396 propter
1527 4329 1656 4381 rationem
1675 4331 1692 4384 i·
1716 4331 1756 4381 12
1771 4349 1792 4384 c.
1810 4329 1843 4384 sie
1859 4345 1951 4392 conte.
1964 4349 1992 4392 es
2030 4353 2035 4362 ·

296 4413 371 4468 item.
390 4411 523 4482 Quicquid
544 4422 631 4464 sutem
651 4411 701 4472 sit,
721 4411 832 4464 omnino
857 4411 904 4468 ists
932 4415 973 4466 lex
1000 4413 1119 4468 hebreeis
1166 4426 1263 4462 comm·
1276 4409 1334 4476 stip.
1347 4410 1415 4462 verb.
1428 4429 1489 4464 cum
1504 4431 1535 4462 ea
1548 4429 1619 4478 quae
1630 4414 1754 4479 promisit
1765 4414 1820 4477 iure
1843 4413 1873 4468 in
1897 4435 1997 4476 memo·

297 4499 441 4571 pecoiieris
461 4494 522 4560 init,
541 4495 620 4547 sicuti
640 4496 692 4548 ists
710 4511 743 4546 ex
761 4497 873 4550 Denter.
894 4497 936 4550 tc.
953 4516 977 4550 u.
995 4499 1021 4550 3.
1034 4499 1066 4549 de
1080 4516 1120 4550 re·
1167 4495 1212 4549 riu
1229 4511 1279 4547 suc
1292 4509 1401 4546 seruare
1419 4512 1477 4548 non
1491 4496 1531 4559 nl,
1544 4499 1608 4550 eliis
1620 4497 1671 4550 eibi
1688 4497 1867 4562 tnanifertnre
1880 4502 1991 4573 debent,

298 4580 472 4635 missionibus
489 4578 551 4631 euni
572 4578 689 4646 septimi·
711 4579 780 4632 Sene
799 4579 820 4628 si
842 4579 991 4647 intremuere
1007 4580 1119 4632 dehuud
1169 4593 1290 4644 poscere.
1307 4577 1457 4629 hlolittseus
1477 4577 1510 4633 de
1529 4591 1660 4634 contruct-
1675 4591 1752 4636 tract.
1766 4585 1791 4638 2.
1802 4583 1869 4656 disp.
1890 4589 1950 4642 tttt.
1964 4611 1993 4646 η.

298 4663 402 4718 foenori
421 4661 505 4714 dando
520 4659 596 4713 iretri
617 4661 733 4720 edductn,
752 4660 911 4712 christisnos
928 4673 1070 4726 tangerent,
1082 4675 1121 4717 et·
1173 4663 1196 4712 l.
1215 4660 1326 4713 interim
1345 4661 1418 4712 eliud
1443 4663 1559 4714 occurrit
1586 4663 1711 4716 dubium:
1737 4667 1831 4720 uiriles
1859 4689 1995 4728 uersurum

299 4747 353 4800 iarn
371 4763 410 4810 ee,
429 4759 495 4812 qnae
513 4743 546 4794 de
563 4759 632 4794 anno
651 4744 677 4793 7.
696 4742 753 4794 Imo
774 4741 795 4792 si
824 4753 929 4810 propter
952 4743 1120 4800 dilectionem
1170 4743 1271 4796 iuctnro
1284 4754 1375 4796 mutuo
1393 4745 1506 4812 dederet,
1519 4747 1564 4800 sed
1585 4750 1653 4801 iutra
1673 4751 1715 4802 ce.
1734 4769 1816 4805 snuos
1830 4773 1882 4809 non
1897 4770 1998 4827 egeret,

299 4827 416 4899 proximi
436 4829 518 4878 solum
539 4827 582 4878 lex
603 4822 706 4886 inisset,
724 4825 846 4878 Christus
867 4825 913 4878 diu
940 4830 1060 4882 eumdem
1080 4849 1120 4884 re·
1169 4826 1271 4880 debitor
1289 4845 1316 4881 se
1335 4831 1540 4898 praescriptione
1554 4833 1777 4901 leserunipsainl.
1797 4839 1840 4891 2³.
1858 4859 1880 4892 c.
1897 4843 1961 4898 des,
1974 4862 1996 4899 ρ,

212 4917 215 4924 ’
299 4911 446 4974 formasset,
463 4909 533 4982 quod
552 4908 645 4960 omnes
662 4909 742 4960 etiarn
762 4919 902 4962 extraneos
921 4925 1025 4968 nostros
1038 4917 1122 4970 tolne-
1169 4911 1272 4978 erclen,
1290 4912 1336 4964 ubi
1355 4923 1460 4965 rentum
1480 4915 1543 4966 nnni
1563 4913 1616 4984 ipsi
1637 4917 1742 4982 indulti,
1760 4923 1865 4990 qttserit
1883 4931 1998 4995 patroci-

301 4997 339 5049 rit
358 4998 508 5064 proximos,
525 5010 589 5063 quos
610 5003 695 5045 lernen
716 4991 801 5060 judoci
821 5012 852 5046 eo
871 5013 922 5048 uon
935 5000 1123 5068 agnoscebant,
1171 4999 1254 5050 nium.
1274 4995 1414 5050 Civitstenr
1435 4997 1547 5048 minime
1565 5017 1603 5050 ex
1620 5001 1638 5052 i.
1658 5001 1707 5054 2³.
1724 5021 1747 5055 c.
1766 5007 1791 5057 d.
1811 5019 1830 5060 t.
1849 5018 1931 5064 tutem
1946 5031 1996 5083 pu«

300 5079 369 5149 quod
386 5080 460 5132 licite
478 5081 509 5131 eh
524 5077 557 5130 iis
572 5074 662 5129 foenus
677 5088 817 5130 sumerent.
833 5079 1056 5149 Quemadmodum
1071 5087 1123 5151 inm
1172 5092 1205 5144 tc,
1224 5079 1349 5150 quoniam
1365 5094 1411 5149 per
1429 5081 1530 5134 noveii.
1546 5083 1606 5134 lll.
1618 5101 1641 5134 e.
1655 5089 1679 5138 l.
1691 5097 1717 5138 et
1731 5091 1827 5144 nescii.
1853 5096 1916 5146 tlt.
1940 5113 1997 5162 rep.

300 5177 354 5218 tum
375 5163 459 5230 instari
480 5161 539 5216 ideo
559 5163 627 5218 male
644 5159 796 5224 endiebsnt,
815 5163 884 5231 quod
903 5181 962 5231 erge
982 5167 1050 5220 solos
1068 5167 1122 5219 lra-
1172 5165 1197 5216 b.
1210 5163 1299 5217 eedem
1317 5175 1438 5228 correcta,
1458 5163 1481 5216 si
1498 5165 1616 5216 ecclesiis
1635 5177 1734 5223 tuntum
1746 5173 1918 5245 qnsdraginte
1930 5182 1996 5234 enni

300 5258 356 5301 tres
375 5259 460 5302 essent
481 5243 673 5299 misericordes.
694 5244 731 5294 lta
752 5243 858 5297 Tacitus
876 5245 921 5296 lib.
941 5245 966 5296 tt.
986 5249 1080 5300 arenul.
1092 5249 1126 5304 Et
1172 5249 1386 5319 restant,quippo
1403 5265 1468 5317 qtree
1485 5252 1569 5318 majus
1587 5253 1626 5316 jus
1644 5254 1755 5322 hebent,
1774 5275 1821 5312 cor
1840 5264 1994 5320 uirtutibus

302 5333 363 5402 quie
381 5331 448 5402 epud
468 5332 538 5400 ipsos
557 5325 624 5381 fides
642 5328 788 5393 aestimate,
801 5327 983 5383 misericordie
998 5332 1025 5383 in
1041 5351 1127 5402 prom·
1174 5343 1283 5386 centurn
1302 5333 1364 5385 enni
1384 5333 1536 5387 riderentur
1556 5337 1663 5390 relicti?
1684 5341 1760 5395 Plura
1773 5343 1913 5400 meditanti
1934 5359 2000 5403 tem·

302 5426 359 5485 pto,
379 5416 504 5468 adsersus
529 5430 621 5468 omues
641 5411 739 5464 hostile
757 5411 859 5463 odium.
879 5411 1010 5482 Quantum
1031 5417 1063 5468 sd
1082 5433 1128 5469 no·
1175 5417 1246 5486 poris
1255 5415 1444 5486 retioimpooit
1456 5417 1637 5488 colophonem.
1651 5423 1809 5480 Pertrnctrte
1820 5431 1999 5496 protuerunt,

304 5518 362 5552 tum
384 5508 576 5560 testamentum,
596 5512 737 5563 numquam
758 5493 893 5547 Christum
914 5494 1006 5548 foenus
1026 5498 1130 5550 lcitum
1180 5500 1253 5566 ntis,
1271 5517 1318 5571 pru
1337 5501 1462 5556 malefice
1481 5505 1659 5574 emplitndine
1678 5527 1763 5582 peuce.
1783 5509 1837 5566 snt

310 5581 496 5655 prohibuisse,
516 5579 633 5652 reperire
650 5591 697 5634 est.
716 5579 818 5633 Mutet.
834 5597 855 5634 c.
874 5579 899 5634 b.
912 5599 940 5635 a·
960 5597 987 5634 v.
1007 5582 1049 5634 tt.
1067 5599 1131 5653 qnos
1151 5530 1159 5664 i

951 5759 1028 5814 sort
1051 5761 1124 5816 DEO
1141 5761 1288 5818 GLOth.
