4460 6208
280 313 333 367 ως
693 303 741 354 ntt
759 303 1040 360 Ptnnuttstotttt
1059 305 1104 359 ET
1121 305 1356 376 retinuimus,
1375 325 1437 364 ιτα.
1801 313 1857 368 801

221 400 542 472 v'unrsupr.oii.lcc.lib.
557 396 634 452 isit.
649 398 823 451 3.urt.ii.n.
838 399 1040 452 21.Sicotiun·
1093 401 1159 456 tineo
1178 413 1286 472 repeto,
1304 408 1426 474 quonium
1446 407 1468 459 is
1493 425 1545 461 oon
1567 408 1671 464 touctoe
1699 408 1790 464 officio
1815 430 1864 480 per
1888 415 1908 467 1.

220 505 270 546 scen
284 508 316 544 es
331 488 463 542 institoris
477 483 546 538 iacto
559 496 724 552 precpunene
747 480 898 545 tenebatur,
913 482 949 534 ite
962 485 1040 536 etiem
1094 484 1136 535 ts.
1154 492 1176 547 ι.
1194 488 1219 538 b.
1230 485 1270 554 ff
1289 488 1371 542 locut.
1389 490 1442 542 Nec
1460 491 1589 544 interesse
1608 504 1684 560 poto,
1711 495 1772 547 licet
1797 499 1908 550 institor

221 575 328 629 institor
346 588 374 626 se
394 569 461 637 irugi
484 581 573 636 gerere
593 563 671 616 tiebet
690 563 718 614 in
736 560 845 628 officior
869 565 977 631 quodsi
997 585 1041 620 ne·
1091 570 1193 622 occasio
1212 569 1306 632 inerit,
1324 589 1375 641 qtru
1395 575 1483 625 minue
1500 589 1574 627 neute
1604 593 1650 640 pru
1673 579 1738 629 meis
1763 591 1823 632 tunc
1841 582 1908 636 eiius

218 659 308 728 ‘sigen
330 655 508 714 [perieulum
519 648 830 717 leuissimeeuolpeeteos
841 648 959 712 hebetur,
969 669 1041 719 pree·
1093 656 1241 718 receperit,
1262 658 1326 708 setis
1348 675 1459 725 neroque
1483 677 1556 712 cesos
1574 663 1696 714 eveniens
1714 673 1739 716 ιι
1762 666 1831 734 qooel
1857 669 1909 719 iste

223 741 318 795 certine
335 739 357 790 si
374 735 561 807 provisionem,
574 741 602 784 nt
614 740 716 794 ιοιιιιι,
727 733 864 800 ιιιιριιὶι.
881 733 921 785 De
939 752 991 802 quo
1009 750 1042 786 ex
1089 755 1196 804 operito
1215 757 1266 792 non
1286 743 1465 808 praestiterit,
1486 759 1527 794 me
1539 753 1564 795 et
1576 743 1724 796 institorem
1739 756 1824 800 toturn
1837 767 1907 814 pree-

221 823 326 878 Senecio
336 821 427 873 Pettius
437 819 470 869 ele
478 816 567 868 Castro
575 813 729 883 Musquerel.
738 813 870 885 d.1'.tn.ti.
878 817 895 866 l.
904 816 1032 871 n.il.Ve
1092 832 1169 873 stent.
1188 824 1282 874 Verum
1301 825 1416 892 quinque
1433 841 1465 876 er
1485 826 1662 896 inaequalibus
1680 831 1799 898 pertibus
1821 850 1909 886 sersu-

221 923 279 958 rurn
286 906 388 958 Mevius
398 901 586 969 Sejoinstitori
601 915 692 950 nerem
704 915 776 950 suem
792 899 950 950 oneruoelueu
962 911 1043 952 trans·
1093 919 1135 955 ree
1154 907 1312 969 societatem,
1326 909 1400 974 vtvlgo
1420 910 1590 977 Musscupes,
1608 919 1808 976 contruxerunt,
1826 931 1908 982 euqen

219 988 493 1057 enittit.quionusturu
509 1001 541 1036 ex
559 982 674 1034 munisti
689 981 746 1050 lege
760 982 930 1047 remittil‚iu
947 984 1043 1036 itinere
1093 986 1239 1040 institorem
1260 989 1404 1056 llemburgi
1426 990 1537 1052 hebent,
1555 993 1599 1059 qui
1625 1007 1683 1044 curu
1709 995 1799 1048 moitis
1816 1016 1907 1052 euroin

220 1075 248 1126 iu
261 1083 337 1142 portu
354 1070 385 1123 eti
401 1069 532 1138 publii-esu
547 1065 728 1118 uecessiteteto
757 1063 912 1128 detinetur,
934 1086 983 1136 epus
1003 1085 1041 1119 ru·
1092 1073 1199 1122 ttontine
1215 1072 1359 1134 eontrebit,
1379 1073 1488 1138 pecunie
1508 1089 1569 1126 vcro
1587 1075 1654 1126 euele
1666 1075 1784 1144 impense
1796 1080 1907 1148 soloris,

221 1157 295 1229 rinno
314 1171 364 1206 noer
385 1153 462 1206 reolo
475 1149 509 1203 ub
531 1166 630 1201 murem
645 1148 738 1215 ingens
755 1146 990 1214 connumerant,
1015 1161 1039 1202 et
1092 1167 1153 1202 nutu
1173 1152 1199 1202 iu
1218 1153 1329 1204 solidum
1352 1153 1390 1215 hi,
1409 1172 1507 1206 outone
1525 1174 1572 1222 pro
1589 1174 1618 1208 ιι
1638 1168 1711 1225 perte
1730 1172 1841 1227 teuton,
1854 1181 1906 1232 que

221 1238 365 1306 eurisipse
389 1236 416 1286 in
442 1235 526 1288 reditu
547 1232 634 1300 perit;
652 1229 725 1294 cetius
743 1229 867 1282 demonio
886 1231 1040 1298 quaeritur?
1091 1234 1154 1285 socii
1175 1233 1348 1288 tenebuntur?
1367 1235 1399 1287 Et
1418 1252 1509 1290 ornnes
1528 1239 1556 1291 io
1576 1239 1688 1292 rotttoo
1717 1245 1801 1296 teneri
1826 1259 1905 1314 puto,

221 1319 302 1386 (Nem
320 1320 400 1370 licere
419 1317 496 1370 bodie
513 1314 548 1366 ub
567 1313 701 1382 poblicum
728 1311 909 1362 necessitatem
936 1325 1038 1366 exterus
1089 1325 1116 1368 nt
1135 1314 1273 1370 divisionis
1291 1316 1422 1374 beneficio
1440 1321 1507 1374 leonti
1528 1323 1573 1375 toti
1594 1324 1660 1389 sint,
1678 1327 1837 1394 nequinum
1852 1349 1904 1385 ono

221 1403 299 1458 etiem
319 1420 395 1456 neves
412 1403 469 1469 jore
491 1397 617 1451 territorii
638 1393 825 1457 devincemus
840 1397 886 1458 itu,
899 1403 928 1445 nl
941 1396 1038 1450 laboris
1088 1401 1227 1464 contrusit,
1247 1404 1275 1455 iu
1296 1405 1382 1472 plures
1396 1403 1558 1459 elistrebutur
1571 1407 1743 1469 advesarios,
1754 1409 1771 1462 t.
1787 1414 1812 1462 l.
1822 1409 1846 1480 ᾖ,
1860 1415 1904 1468 25.

221 1482 343 1540 etuibcii
364 1487 460 1554 justum
480 1481 635 1552 rependetur
654 1479 811 1548 premium.
831 1476 917 1530 refert
934 1479 1039 1532 Seltlco.
1087 1495 1114 1536 es
1134 1485 1151 1536 i.
1177 1485 1200 1538 2
1224 1487 1249 1538 3.
1261 1485 1303 1553 ff.
1327 1490 1361 1540 de
1384 1505 1474 1540 eoeerc.
1492 1499 1543 1540 oct.
1570 1488 1629 1540 Nisi
1660 1507 1692 1542 es
1711 1493 1902 1548 mansetudine

220 1563 634 1632 tendenacclooecstt.)
652 1561 706 1629 Ego
722 1560 771 1612 hou
789 1561 1037 1616 ittslitorittonitn·
1088 1567 1137 1619 loci
1156 1569 1266 1632 eliruios
1282 1571 1439 1622 uontrsriuro
1459 1569 1651 1632 introductum.
1677 1573 1754 1626 telesti
1771 1573 1803 1625 tte
1823 1578 1905 1628 muri·

221 1652 368 1722 putentium
388 1659 461 1722 pulo,
479 1666 537 1702 con
555 1645 626 1698 ettott
645 1645 729 1713 lunge,
746 1642 1039 1713 culpeleeissitnreeci·
1088 1651 1135 1703 ltus
1155 1653 1343 1706 llolleutloruru
1364 1663 1492 1706 testentur
1514 1653 1568 1706 elii.
1596 1653 1667 1704 Alius
1689 1655 1775 1708 socios
1803 1673 1849 1725 pro
1873 1677 1903 1712 ιι

219 1735 299 1798 ulisse,
317 1736 403 1802 eliud,
423 1735 540 1788 evenisse
557 1747 628 1790 cusu,
649 1728 702 1779 nisi
721 1743 753 1778 es
766 1727 905 1796 praecipiti
919 1731 1036 1792 esuritio,
1089 1741 1188 1785 tuntum
1209 1747 1283 1802 perte
1301 1735 1399 1794 teneri,
1420 1753 1497 1802 qtteut
1516 1735 1544 1786 in
1564 1737 1686 1788 societete
1705 1735 1811 1800 hebent,
1831 1755 1905 1794 ιοιη.

218 1826 263 1870 eol
275 1819 377 1872 incivili
396 1818 500 1871 autlecie
522 1814 676 1884 periculum
697 1827 749 1862 utto
769 1809 883 1861 evitavit.
902 1826 960 1876 urg.
973 1809 992 1860 t.
1011 1811 1037 1862 3.
1088 1819 1174 1868 monis
1194 1817 1237 1871 elei.
1255 1818 1449 1881 estsententie,
1467 1817 1568 1886 dequo
1586 1825 1693 1870 testetur
1711 1817 1759 1870 tio.
1778 1819 1903 1876 Stroeios

218 1901 465 1971 c.denout.flucn.
492 1900 542 1952 bnt
560 1913 593 1950 cx
613 1895 667 1947 elio
685 1892 770 1961 cupite
788 1893 864 1960 culpe
892 1891 1036 1962 impingit,
1086 1914 1178 1952 eccere.
1197 1901 1241 1954 Ἠ.
1259 1903 1298 1954 sb.
1317 1900 1361 1953 il.
1381 1900 1424 1953 ubi
1447 1902 1645 1970 plureseitutos
1664 1901 1774 1956 videbis.
1792 1903 1845 1973 Ego
1864 1905 1903 1954 «ti-

165 1989 170 1998 ’
217 2002 326 2053 quorum
348 1987 486 2038 muliorum
506 1984 607 2050 uttqooe
629 1977 767 2048 Stypmen.
784 1975 881 2049 dejnr.
901 1977 991 2028 neoris.
1008 1996 1036 2040 p.
1087 1985 1229 2036 stinctioue
1246 2003 1311 2053 opus
1330 1997 1407 2054 puto,
1427 2000 1496 2038 eune
1527 1987 1632 2054 proprie
1655 1985 1763 2040 societur
1782 2003 1904 2044 versecrse

218 2066 244 2119 i.
256 2084 280 2120 c·
295 2071 337 2121 ll.
349 2087 365 2120 o
380 2085 406 2121 n.
429 2069 489 2120 206.
510 2083 593 2134 usque
611 2062 649 2116 ed
677 2062 738 2113 219.
756 2071 884 2114 recenset.
905 2061 1036 2114 Duronum
1086 2079 1161 2114 ceusu
1178 2063 1238 2118 eine
1251 2067 1410 2134 Morrcopey
1427 2065 1504 2128 inite,
1524 2077 1600 2134 prout
1619 2079 1774 2120 mercutoret
1787 2072 1903 2139 plentur.

219 2167 280 2204 vero
300 2167 333 2204 ex
359 2169 420 2206 nure
445 2153 549 2221 perdite
570 2151 693 2222 princeps
711 2148 750 2203 vel
769 2145 894 2198 dorninos
915 2144 1035 2198 detinens
1085 2161 1134 2214 que
1152 2147 1255 2213 incunt,
1275 2151 1314 2202 vel
1332 2149 1440 2202 ulterius
1459 2150 1496 2201 rei
1518 2167 1592 2201 ιιιιιι
1610 2160 1684 2202 ιιιιι
1703 2155 1900 2222 commercium,

214 2237 347 2299 resarciet,
371 2254 428 2288 curu
449 2252 501 2288 novt
524 2235 704 2296 conductoris,
723 2230 769 2284 eet
794 2227 944 2281 mentientis
968 2227 1037 2280 vices
1087 2242 1110 2282 ot
1130 2248 1182 2284 uon
1202 2235 1240 2282 vel
1259 2232 1635 2299 permuteu·lo‚ve1eeoeueio
1659 2243 1779 2299 vertent,
1798 2237 1844 2288 sed
1862 2240 1901 2290 ul·

216 2318 382 2379 sustinuerite
401 2322 527 2380 interesse
545 2334 604 2370 veru
632 2315 767 2369 restitutio
794 2311 908 2381 optanda
934 2311 1036 2376 mugio,
1087 2312 1168 2364 terius
1187 2319 1224 2367 rei
1243 2316 1311 2368 lueri
1330 2317 1367 2368 vel
1387 2316 1477 2368 «lemni
1494 2333 1579 2369 ceusu·
1599 2319 1648 2371 Sin
1668 2318 1751 2386 prins,
1771 2337 1837 2372 unus
1854 2339 1901 2392 pro

214 2419 290 2470 qeseru
309 2401 438 2471 sperantio
456 2400 541 2454 forte:
561 2400 680 2468 pluribus
700 2399 747 2450 bec
773 2396 805 2448 te
831 2410 858 2446 re
883 2391 1034 2462 marquart.
1084 2396 1167 2450 eltero
1181 2399 1310 2452 tenebitur
1329 2400 1357 2450 in
1377 2397 1553 2463 solisiuru‚ub
1567 2403 1691 2452 rationem
1704 2403 1723 2454 l.
1734 2403 1759 2452 2.
1769 2404 1801 2455 cle
1813 2421 1904 2460 exerc.

217 2502 248 2538 ιι
264 2485 383 2554 pittribne
396 2483 432 2536 ibi
446 2483 575 2552 allegetis,
588 2480 613 2536 d.
625 2483 642 2534 l.
655 2483 703 2535 tit.
716 2483 741 2533 ἢ.
753 2497 778 2532 c.
792 2479 816 2532 b.
826 2497 854 2532 n.
868 2476 910 2530 iii.
924 2487 951 2530 et
962 2495 1033 2544 seqq·
1085 2477 1186 2530 action.
1206 2479 1335 2548 Quoniero
1354 2481 1399 2550 qui
1417 2493 1576 2534 coeterorum
1597 2500 1631 2532 uu
1642 2483 1704 2536 uine
1721 2485 1786 2550 ugit,
1806 2497 1850 2539 eut
1869 2503 1902 2541 ex

214 2569 270 2624 Nec
288 2569 427 2622 dissimilis
446 2571 513 2621 retiu
530 2568 628 2631 futore,
647 2569 669 2619 si
690 2567 793 2620 institor
812 2581 884 2617 uicus
898 2581 938 2615 mc
951 2563 1035 2616 inscio
1085 2563 1207 2614 societate
1225 2565 1303 2626 (uum
1322 2580 1396 2616 secus
1415 2565 1437 2616 si
1456 2581 1503 2616 suo
1521 2565 1628 2616 nornine
1640 2567 1781 2630 contrabit,
1796 2585 1848 2622 non
1862 2589 1902 2625 se·

215 2671 248 2705 er
267 2653 359 2706 vitiose
380 2654 438 2706 nevi
460 2669 559 2705 meroes
578 2653 606 2702 in
626 2649 761 2703 meliorem
784 2646 939 2711 transierat,
953 2663 1035 2698 euru-
1086 2646 1211 2709 cientis,
1230 2647 1299 2698 solers
1318 2659 1419 2700 tenetur
1436 2648 1455 2699 i.
1472 2649 1515 2702 st.
1535 2654 1556 2710 ς.
1571 2645 1637 2717 ¹·ff·
1650 2653 1813 2718 proroct'o.)
1824 2656 1901 2709 veluti

216 2746 268 2798 seru
287 2745 375 2806 peresi
394 2745 498 2804 posteo,
519 2735 540 2786 si
561 2734 633 2788 enine
653 2735 726 2785 nevis
748 2731 823 2801 prior
841 2729 906 2782 eden
924 2729 1034 2794 vitiose,
1086 2729 1246 2796 reliquorum
1267 2729 1375 2782 institor
1392 2742 1434 2784 eus
1453 2733 1645 2799 nectuntur,
1663 2735 1843 2790 eutsiumnee
1857 2757 1903 2794 ῃ..

213 2832 242 2874 nl
261 2819 433 2890 probabiliter
451 2815 597 2888 unigentio
616 2815 788 2878 eutveidisset,
806 2813 1033 2866 uecessiteeineti·
1084 2815 1220 2881 potientur
1237 2813 1370 2866 commoni
1389 2831 1518 2868 consenso
1536 2828 1560 2868 et
1577 2817 1731 2871 ccotnbuut
1749 2821 1846 2888 singoli
1860 2841 1903 2878 uo·

214 2913 298 2956 torem
315 2901 446 2956 er··osuluit
464 2911 490 2953 et
507 2917 597 2964 ιιιιις
611 2901 632 2952 si
647 2910 733 2951 eotcru
750 2900 891 2951 necessitus
906 2913 957 2949 nou
970 2896 1035 2948 eleo
1086 2898 1157 2948 ruine
1176 2897 1316 2958 rocietrtie,
1334 2897 1446 2950 iuvieevn
1466 2917 1512 2970 pro
1532 2898 1700 2953 institoribus
1717 2915 1793 2966 route
1805 2923 1836 2958 er
1850 2927 1902 2980 quo

213 2987 336 3054 jusserit,
354 2985 491 3038 riletttlurn
511 2995 583 3053 puto,
603 2999 665 3034 uoco
686 2997 745 3034 ceso
765 2980 876 3050 perierit
896 2979 959 3043 teli,
983 2996 1034 3047 quo
1084 2979 1194 3032 omniuo
1208 2979 1365 3032 tenebuntur
1383 2997 1474 3033 omnes
1495 2984 1522 3034 itt
1535 2982 1657 3045 solidum,
1672 2997 1748 3052 prout
1764 2987 1812 3040 boe
1825 2994 1902 3045 mono

215 3084 238 3125 ιι
257 3073 330 3141 prior
348 3072 407 3123 sine
424 3068 504 3122 «lobio
525 3069 640 3138 periture
660 3064 762 3129 inisset,
784 3085 806 3118 r.
825 3083 849 3134 g.
867 3063 936 3134 qood
956 3064 1033 3130 illisu,
1084 3063 1204 3131 intelligo
1222 3065 1362 3134 Musquurtl
1382 3064 1414 3118 de
1425 3067 1483 3137 jur.
1497 3083 1575 3121 merc.
1586 3068 1632 3120 ttt.
1645 3069 1672 3120 2.
1684 3087 1707 3122 c.
1721 3072 1766 3122 tt.
1779 3091 1805 3128 n.
1819 3077 1862 3126 ts.
1876 3087 1903 3130 er

214 3162 258 3207 eut
277 3161 431 3222 tempeetele
448 3161 523 3216 oris,
543 3163 567 3204 et
585 3151 626 3202 siu
644 3147 743 3202 tbtten
763 3150 912 3202 ltueuonenv
938 3148 1032 3211 cretio,
1084 3145 1128 3197 ts.
1147 3143 1225 3212 Cujus
1245 3155 1329 3198 temen
1349 3149 1479 3200 retinuero
1497 3149 1647 3204 clemencie
1667 3170 1718 3206 non
1731 3157 1856 3222 opprobo.
1870 3161 1903 3214 Ει

214 3233 257 3286 eiu
275 3250 307 3286 er
327 3233 427 3285 incurii
447 3242 555 3297 neuter,
575 3232 716 3285 tenebitur.
736 3230 868 3299 Quouiero
883 3229 1033 3282 sesinctio-
1085 3229 1221 3280 tluioiouut
1239 3231 1353 3282 blesium
1373 3229 1412 3284 uei
1422 3231 1538 3302 jusiub.
1561 3233 1606 3286 lib.
1620 3237 1646 3287 s.
1658 3245 1677 3286 s.
1691 3236 1717 3288 9.
1731 3247 1782 3292 ors.
1796 3241 1821 3290 li.
1833 3258 1861 3294 re.
1875 3245 1902 3296 7,

215 3317 283 3368 ruini
302 3317 435 3371 eotuutne
453 3316 482 3368 io
500 3315 645 3384 perieulum
664 3331 716 3366 uuo
736 3313 799 3364 eutis
817 3325 892 3365 cuuto
911 3330 966 3366 reru
982 3322 1032 3366 ιιι·
1084 3309 1121 3363 bc
1139 3313 1254 3376 ejusdem
1275 3313 1421 3365 seutentirc
1440 3314 1484 3366 du·
1503 3313 1625 3386 Cerpsor.
1639 3317 1668 3370 in
1679 3337 1709 3386 ρ.
1721 3321 1746 3372 2.
1756 3333 1842 3374 conss.
1858 3328 1901 3377 1¹1.

214 3394 1034 3468 dendoeoniecerit.arg.1.iill.ff.desoius.vitl.Styprueo.
1084 3391 1141 3462 defi
1161 3395 1203 3444 12.
1221 3393 1311 3458 luisse,
1331 3397 1434 3464 penitus
1462 3398 1530 3449 milvi
1556 3416 1707 3468 persossoru
1734 3406 1824 3458 buben.
1850 3409 1901 3462 Sin

216 3483 236 3534 ei
258 3484 276 3536 i.
290 3498 317 3532 n.
337 3481 399 3532 stt.
424 3489 450 3532 et
473 3497 541 3550 seqq.
566 3480 618 3533 Sed
635 3478 701 3549 quisi
720 3482 743 3532 si
763 3481 871 3534 institor
891 3498 933 3532 nte
951 3481 1034 3532 inscio
1084 3486 1170 3527 etitem
1188 3476 1297 3528 ulterius
1317 3478 1353 3530 rei
1372 3495 1447 3531 ιιιιιι
1465 3491 1595 3535 contrecto
1613 3486 1739 3551 ebrietes,
1752 3491 1836 3542 socios
1850 3509 1903 3545 noo

217 3583 307 3619 nevero
325 3561 487 3618 construitet
506 3575 635 3617 vecturum
655 3565 683 3616 in
696 3576 855 3616 antecessum
870 3565 957 3626 solvit,
971 3580 1036 3615 mer·
1085 3560 1171 3623 elitcr,
1189 3577 1266 3630 quent
1279 3578 1328 3628 pro
1350 3571 1424 3628 perte
1441 3562 1570 3616 societetis
1591 3567 1751 3628 teneri‚curn
1765 3573 1902 3626 comruuoi

218 3667 259 3705 ces
278 3666 338 3703 vero
355 3659 490 3716 antequem
510 3649 687 3718 inportcntur
700 3659 825 3718 pereunt,
838 3665 936 3700 ueirune
959 3656 1037 3699 neoto
1086 3649 1230 3694 statuerem.
1250 3641 1332 3694 Plora
1350 3640 1382 3694 de
1400 3642 1530 3710 societute,
1549 3663 1669 3700 versurae
1680 3649 1779 3702 ntioue
1791 3663 1901 3706 trecten-

218 3733 342 3786 retinebit
369 3731 501 3802 pretium,
520 3742 544 3786 es
561 3749 608 3799 ego
626 3746 659 3783 ιι
678 3729 747 3784 lecto
766 3729 931 3783 continctoris
956 3729 1034 3782 simol
1085 3721 1122 3788 tii,
1141 3724 1257 3778 vuimutn
1277 3734 1463 3796 prsetersperu
1479 3727 1609 3781 uberioris
1623 3732 1744 3788 meterius
1757 3735 1903 3793 incremen-

219 3817 282 3870 uetlo
295 3814 382 3886 pretio
400 3811 538 3868 vectureci
558 3813 580 3870 Δ
598 3823 675 3868 uentu
688 3815 809 3870 solvendo
826 3816 957 3868 existente
975 3830 1031 3884 pre·
1091 3817 1144 3862 tum
1167 3805 1280 3878 irrugit,
1299 3816 1325 3860 ct
1342 3807 1375 3861 eei
1394 3809 1528 3881 tequemio
1547 3813 1638 3868 trehit.

882 3961 1133 4034 CAPUT
1204 3959 1264 4030 tv.

671 4152 728 4220 De
750 4153 854 4221 tertio
876 4176 1038 4222 versurae
1062 4158 1160 4226 modo
1184 4163 1449 4226 assecuratione.

457 4340 478 4390 S
497 4343 527 4395 tt
541 4339 576 4392 1
589 4341 625 4393 i!
638 4341 667 4392 A
685 4341 710 4392 tt
727 4340 798 4392 ts.
1126 4345 1165 4398 tio
1179 4355 1279 4399 teneas·
1292 4349 1327 4398 ln
1337 4359 1428 4395 cerunt
1438 4341 1515 4411 sirici
1529 4361 1594 4396 neren
1612 4345 1746 4400 subsistet.
1767 4353 1848 4405 Actio
1866 4375 1902 4408 η

1123 4440 1264 4482 contrecto
1283 4425 1490 4480 assecurationis
1503 4428 1650 4490 nominato,
1662 4429 1783 4495 quiduis.
1798 4437 1901 4501 Quotu-

223 4515 355 4571 Vocuiuli
377 4517 587 4570 assecurationis
612 4515 786 4586 etymologia.
812 4518 1038 4573 Arrecurutione‘c
1119 4515 1184 4581 plere
1205 4511 1308 4566 nodet.
1343 4514 1481 4580 Quonim
1506 4511 1677 4566 assecurenti
1700 4525 1727 4566 et
1750 4531 1900 4576 nnecuroso

251 4601 365 4668 iustitio.
400 4600 545 4654 Variorum
586 4599 628 4651 tid.
647 4602 802 4652 centennise.
823 4603 868 4652 An
887 4612 1039 4656 contractus
1122 4607 1266 4663 competat.
1287 4600 1346 4667 Quo
1361 4606 1477 4666 tempore
1493 4595 1562 4648 notio
1579 4595 1664 4667 possis
1680 4597 1795 4653 institui.

259 4683 463 4734 reomr'nutusst't
483 4681 636 4747 occulteris.
656 4683 704 4733 An
725 4681 762 4732 ud
776 4681 891 4742 uliuuenv
910 4687 1034 4736 crumino·

257 4777 348 4818 torum
366 4763 592 4832 deiurerumono
617 4761 757 4830 reseretur.
789 4766 913 4816 usnctoeir
930 4777 1039 4818 senten·
1087 4710 1907 4830 §.10Arseeuretiooisvosvocabolosoisecurusoriri-

258 4849 314 4912 st'tt‚
329 4847 402 4916 qnod
413 4849 573 4901 assecuratio
586 4857 742 4900 corvtrussus
756 4847 911 4900 nominatus
921 4849 1036 4908 peculin-
1087 4861 1146 4897 nero
1158 4843 1245 4909 debet,
1263 4845 1353 4898 inlinis
1373 4845 1505 4899 voteeoutle
1523 4851 1614 4918 turgis,
1634 4867 1710 4920 quum
1730 4852 1903 4904 examinantis

259 4933 299 4984 ris
310 4931 352 4984 sit.
366 4932 473 4983 Arreni
482 4930 562 4983 ratio.
578 4930 796 4983 Assecurcrionis
805 4931 952 4998 descriptio.
968 4935 1039 4998 (lero-
1088 4928 1246 4992 rigorusiuse
1265 4945 1295 4979 ιο
1321 4929 1390 4997 quusi
1409 4945 1442 4980 es
1462 4931 1633 4996 impositione
1661 4949 1745 4985 reretu
1771 4931 1810 4984 rei
1831 4932 1904 4984 inelo-

238 5056 241 5064 .
258 5013 340 5066 morlo
354 5013 451 5064 modus
470 5027 588 5064 versurae
607 5011 651 5062 sit.
669 5011 741 5080 Eius
754 5013 863 5066 divisio.
874 5015 927 5080 (tui
936 5015 1039 5076 possins
1088 5013 1138 5062 lecu
1156 5014 1286 5078 exprimet
1304 5013 1386 5071 setise
1402 5026 1435 5061 ex
1449 5028 1496 5062 osu
1510 5013 1596 5079 ituqoe
1609 5009 1773 5081 significatio
1786 5013 1903 5064 retinen·

259 5111 422 5152 assecurare.
444 5097 521 5161 Quue
539 5111 647 5148 merces.
666 5099 693 5148 A
711 5114 764 5163 quo
784 5107 904 5160 tempore
928 5099 1039 5167 incipiat
1087 5095 1119 5144 ιΙι
1138 5095 1235 5160 turgis,
1254 5111 1330 5160 quero
1351 5093 1474 5145 letiniteti
1493 5097 1690 5146 convenientior
1709 5095 1787 5144 veluti
1807 5098 1901 5147 ιιιιςιί-

260 5176 435 5232 ossecurotio.
461 5179 602 5251 Quomodo
609 5176 677 5246 fiot-
696 5179 820 5232 Pericuie'
842 5182 954 5232 nomine
976 5181 1040 5248 quid
1090 5187 1138 5240 ιιι,
1156 5176 1338 5244 tranquillitas,
1355 5175 1515 5228 inelemuites
1532 5177 1661 5242 generalis
1679 5176 1760 5228 nitriis
1780 5178 1855 5228 verbe
1875 5187 1902 5229 ιι

260 5261 458 5314 bisdenotetur.
471 5260 708 5326 Quodpericuium
720 5273 890 5315 oerccnrctor
900 5275 1040 5324 proestare
1089 5257 1277 5326 significetione
1295 5259 1413 5325 gentiunt
1433 5259 1481 5321 iuri
1503 5257 1635 5326 incognite
1653 5259 1820 5320 substituere,
1840 5277 1900 5310 nero

260 5355 394 5398 seneotvtr·
416 5343 559 5410 Quomodo
578 5359 677 5396 mercer
695 5345 1041 5398 aeeaeomndoeuestiman-
1090 5343 1216 5393 minutius
1233 5339 1360 5408 ejueuoctt
1380 5339 1518 5393 verborum
1538 5353 1662 5409 rumpunt
1680 5341 1904 5411 ponticen0ripi·

259 5427 447 5482 circuiendo
469 5425 590 5492 perfectu
609 5427 812 5480 assecuratione
830 5438 855 5478 et
872 5443 927 5480 non
947 5445 1038 5482 nurne-
1090 5443 1158 5490 netu,
1176 5445 1225 5496 quse
1243 5435 1402 5479 contrectent
1422 5425 1604 5494 explicandum
1619 5425 1740 5492 denotet,
1759 5428 1846 5490 lulis,
1861 5429 1903 5480 in·

241 5521 321 5564 ¹roto
339 5509 462 5576 proemio
481 5511 582 5562 intereo
593 5513 724 5564 domnum
747 5511 917 5581 contingens,
940 5528 1040 5565 osrecte·
1087 5520 1248 5563 crementum
1266 5520 1290 5562 et
1301 5505 1446 5562 efficaciter
1466 5509 1591 5578 Hisponis
1608 5529 1639 5562 ec
1659 5509 1746 5579 Belgis
1757 5512 1843 5575 «lebet,
1858 5517 1902 5567 eir

263 5595 398 5648 rationein
409 5603 507 5644 teneor.
525 5595 703 5646 Astreus-ator
715 5596 796 5648 ctione
812 5596 902 5662 jucttn
918 5595 1038 5658 periculo
1088 5604 1148 5646 unte
1165 5595 1288 5646 ducentos
1306 5609 1387 5646 enetos
1405 5609 1503 5660 eoquo
1521 5610 1589 5644 netur
1608 5601 1648 5644 est
1667 5593 1753 5662 vigore
1765 5611 1901 5664 apperens.

254 5675 420 5730 senetur-Si
430 5691 530 5730 enerves
542 5673 581 5730 it't
596 5689 769 5740 assecurutue,
782 5697 884 5734 numne
903 5697 1026 5735 urseruru
1088 5679 1197 5732 Ocresia
1215 5677 1279 5731 berc
1297 5677 1362 5732 tuit:
1381 5694 1440 5730 cuns
1460 5677 1548 5734 ceroti
1566 5681 1599 5735 V.
1613 5681 1757 5750 inprimis,
1770 5681 1863 5734 eleintle
1878 5692 1903 5734 et
