4450 6220
4 271 27 378 l

4 433 8 490 y
264 405 320 464 313
921 399 971 454 DE
990 397 1226 455 conuertere,
1799 401 1852 458 lym

4 509 6 518 ’
213 550 217 562 ,
247 502 282 556 Et
299 515 360 556 senc
376 493 441 570 quid
461 503 515 550 lem
527 509 670 562 congruum
684 489 1032 565 estiideibumenae,quem
1080 499 1157 567 plays.
1173 515 1200 550 n.
1219 499 1262 548 17.
1281 507 1308 552 et
1325 497 1371 552 13.
1389 497 1465 570 stod
1490 497 1569 552 etism
1588 495 1698 554 linietur
1720 502 1900 574 emphyteusis

213 603 252 652 ce,
265 602 332 656 qnae
345 585 469 637 intereos
487 583 641 652 plecuerunt
658 594 769 642 servare,
788 579 828 629 nti
849 581 976 648 eleganter
994 583 1032 634 ln·
1085 591 1204 648 ternpore
1220 582 1397 634 concessionis
1415 579 1503 646 finito,
1522 587 1562 636 vel
1582 585 1604 638 si
1624 583 1710 636 inscio
1723 582 1830 638 domiuo
1845 601 1901 639 rem

213 669 311 742 quitur.
323 670 341 722 l.
355 670 379 720 1.
383 664 424 736 ff
438 667 462 719 d.
472 673 540 732 poet.
554 663 572 716 l.
586 663 629 714 2⁰.
641 680 665 715 c.
678 664 710 714 de
721 673 853 714 trousncr.
867 663 930 716 dum
945 679 973 715 n.
992 681 1030 718 re·
1083 665 1239 719 vendiderit.
1257 666 1346 718 Cuivis
1364 666 1467 722 obviem
1488 671 1618 736 procedet.
1640 669 1741 724 ldcirco
1766 671 1903 726 coronidis
1922 653 1957 706 ¹²

213 754 291 807 mitto
309 767 444 815 moenem,
455 749 520 801 nulli
535 745 692 818 pruejudieo,
713 745 762 798 hoc
781 745 871 805 sinon
885 745 961 810 lario,
980 750 1031 815 juri
1083 749 1139 800 loco
1156 748 1233 813 addo,
1251 749 1320 817 quod
1339 752 1500 820 emphyteuta
1520 753 1627 806 retineat
1644 752 1743 805 l'ructus
1753 763 1903 823 perceptos,

212 853 273 890 suec
285 833 437 888 renunciare
450 849 501 885 non
515 831 667 900 prohibeor.
679 829 698 880 1.
709 847 772 896 pen.
793 847 816 882 e.
833 830 866 882 de
884 841 956 896 pnes·
974 832 1031 884 Non
1083 832 1144 883 licet
1162 841 1223 902 post
1236 834 1379 886 triennium
1399 838 1551 905 pensionem
1572 853 1623 888 non
1642 837 1740 902 eoiret,
1759 837 1836 891 modo
1854 840 1903 892 dc·

211 927 299 972 sulem
311 917 389 973 serbe
403 933 501 968 mesen
516 914 643 977 tendunt,
665 931 696 966 ac
719 914 741 964 si
766 927 849 982 partes
870 915 903 968 itu
922 933 1033 985 paupere
1084 915 1298 969 minusauimnm
1313 935 1388 971 suum
1409 919 1526 972 nuntium
1551 920 1742 984 declaraverit,
1761 921 1830 989 quoti
1848 938 1905 976 em·

210 1013 326 1074 possent,
341 1012 369 1056 ut
381 1010 530 1054 contractus
545 999 756 1068 emphyteutieus
769 999 912 1052 subsistere
930 1017 1033 1070 semper
1083 999 1205 1066 phyteusi
1224 998 1315 1052 debeat
1333 1019 1389 1056 esse
1408 1005 1520 1072 privatus
1539 1005 1715 1073 emphyteuta,
1736 1021 1800 1073 quse
1817 1003 1903 1060 desta·

208 1085 320 1141 remisso
331 1103 430 1139 canone
441 1095 525 1154 queat,
538 1083 583 1136 sed
599 1083 781 1136 remissionem
795 1085 863 1137 hauc
876 1095 976 1138 tantum
990 1090 1031 1140 in·
1082 1083 1151 1133 ratio
1171 1085 1313 1150 requiritur
1332 1088 1359 1138 in
1379 1086 1396 1136 l.
1417 1087 1442 1140 2.
1460 1104 1483 1138 c.
1499 1089 1533 1141 de
1546 1087 1602 1155 jur.
1620 1086 1735 1156 emphyt.
1753 1087 1797 1140 iti.
1816 1087 1842 1140 ai
1856 1090 1902 1144 dc·

210 1171 303 1238 selttgo
316 1168 455 1238 praeteriti
471 1170 613 1235 temporie,
632 1185 684 1220 nco
701 1165 801 1232 lutuat,
827 1186 887 1221 nam
906 1170 928 1220 si
948 1168 1031 1223 loturi
1083 1165 1427 1222 mtuosoatueu·1.truuus
1446 1171 1517 1222 euim
1539 1173 1571 1223 ad
1590 1189 1648 1224 eum
1668 1181 1794 1241 spectent,
1807 1172 1852 1240 qui
1865 1183 1905 1228 est

211 1253 339 1321 temporis
354 1251 447 1321 pensio
466 1251 658 1316 remitteretur,
683 1250 857 1303 collaberetur
883 1262 1031 1318 contructus
1082 1246 1121 1298 rei
1140 1247 1263 1302 dominus
1281 1251 1299 1304 l.
1319 1253 1362 1304 33.
1381 1259 1404 1316 1.
1423 1257 1449 1304 1.
1459 1252 1499 1319 ff.
1518 1253 1551 1306 cle
1568 1272 1590 1306 r.
1609 1270 1632 1307 u.
1658 1264 1796 1322 antequam
1816 1268 1903 1311 eutem

213 1337 434 1408 empltyteutious,
448 1351 505 1385 eum
532 1333 685 1404 philosophi
706 1350 758 1386 non
782 1333 939 1396 concedant,
964 1337 1032 1403 quod
1082 1325 1205 1383 dominus
1223 1336 1347 1400 declaret,
1367 1355 1394 1392 se
1412 1341 1485 1404 velle,
1504 1350 1534 1394 ut
1552 1339 1588 1392 sit
1605 1340 1732 1408 privatus,
1747 1358 1800 1394 nnn
1824 1343 1902 1398 emit·

212 1422 352 1475 essentisle
364 1419 520 1488 requisitum
536 1420 626 1471 abesse
641 1417 723 1488 possit
742 1418 801 1470 sine
813 1417 926 1470 interitu
946 1420 1031 1485 subis·
1084 1411 1118 1462 tit
1137 1413 1179 1479 ius
1198 1433 1274 1468 suum
1293 1423 1476 1489 emphyteuta,
1494 1421 1538 1476 sed
1558 1424 1706 1476 dominium
1724 1426 1764 1476 rel
1793 1426 1903 1492 retinet,

212 1507 256 1560 cti.
269 1504 344 1575 Quod
355 1524 378 1557 e.
389 1519 471 1556 cenon
485 1503 521 1554 sit
533 1504 670 1556 essentiele
682 1505 890 1572 emphyteuseos,
906 1502 982 1571 attigi
991 1521 1033 1556 sn·
1083 1508 1218 1565 melque
1237 1499 1328 1564 b⁰⁰t⁸a
1349 1519 1403 1555 ¹¹0⁰
1427 1505 1508 1556 ¹¹¹⁸!st
1527 1500 1590 1556 fidel
1610 1521 1753 1574 90⁵⁵0¹⁸⁰ts
1777 1524 1834 1561 eum
1859 1511 1902 1578 lus

212 1607 272 1660 prs,
283 1601 306 1642 et
318 1589 444 1658 probetur
456 1605 493 1639 ea·
506 1586 525 1637 1.
540 1590 564 1637 1.
580 1584 649 1652 bffi
662 1586 688 1639 si
696 1603 761 1656 ager
774 1585 863 1656 cectiy.
879 1585 1031 1640 Excelldu.
1082 1579 1302 1648 emphyteuticum
1321 1585 1380 1638 siue
1399 1586 1572 1642 declaratione
1592 1606 1644 1642 non
1660 1590 1828 1659 extinguetur
1855 1595 1903 1646 boc

213 1671 391 1724 Bruunemen.
408 1667 437 1720 in
449 1685 478 1721 π.
483 1667 524 1736 ff.
545 1669 700 1722 Weseniee.
715 1670 740 1722 d.
755 1680 774 1719 1.
787 1688 812 1738 q.
834 1670 877 1721 ³2.
896 1670 984 1724 Peren.
1003 1671 1031 1723 in
1082 1661 1111 1714 lu
1131 1670 1217 1732 pessit.
1236 1666 1294 1720 Nou
1307 1665 1402 1733 officit,
1415 1671 1483 1740 quod
1501 1673 1592 1734 rerba,
1611 1673 1634 1725 si
1650 1671 1773 1726 dominus
1786 1677 1902 1740 voluerit,

161 1745 197 1800 10
216 1772 238 1808 ρ.
253 1754 278 1806 1.
291 1765 310 1808 e,
323 1773 349 1806 n.
365 1756 409 1808 23,
425 1756 476 1807 Do.
489 1752 603 1808 Luslvvel.
616 1749 642 1802 d.
654 1751 721 1813 disp.
739 1754 781 1805 13.
801 1753 838 1804 tls.
858 1752 883 1804 8.
903 1753 940 1806 tn.
958 1770 980 1806 e.
1002 1755 1031 1808 Δ.
1083 1747 1262 1802 conditionem
1282 1753 1437 1820 importent,
1450 1765 1476 1806 et
1496 1756 1658 1809 conditionis
1677 1756 1739 1810 baec
1752 1758 1786 1810 sit
1802 1769 1903 1826 nature,

215 1839 302 1893 mttttt
314 1841 480 1909 emphyteuta
491 1855 593 1908 quoque
615 1834 745 1899 fundum,
767 1841 788 1890 si
810 1854 870 1890 enm
896 1839 1033 1892 euidenter
1082 1845 1110 1888 ut
1134 1837 1322 1891 retrotrahatur
1340 1839 1357 1892 1.
1382 1841 1426 1890 73.
1437 1836 1479 1908 ff.
1499 1841 1532 1896 de
1550 1841 1621 1896 verb.
1642 1841 1722 1910 otttg.
1741 1851 1767 1894 et
1791 1841 1901 1898 domino

203 1921 276 1977 ,dolo
288 1934 312 1977 et
322 1927 397 1994 culpa
411 1942 453 1976 sna
468 1924 555 1977 reddit
568 1923 726 1976 deteriorem
741 1923 943 1994 ary.1.odd.3.
960 1943 982 1978 0,
1001 1925 1034 1979 de
1083 1917 1232 1974 declarante
1249 1939 1277 1974 se
1291 1923 1366 1986 selle,
1380 1940 1438 1976 eum
1451 1941 1507 1977 esse
1525 1927 1656 1992 privatum
1672 1941 1716 1987 re,
1740 1925 1811 1977 idem
1830 1943 1902 1994 esse,

216 2003 301 2060 leont.
313 2025 380 2060 nov.
394 2008 454 2058 ¹20.
467 2023 489 2058 c.
505 2007 531 2056 8.
542 2005 575 2059 ed
589 2006 781 2060 meliorandum
801 2009 874 2060 enim
893 2009 1030 2078 praedium
1083 2019 1111 2054 ec
1123 2003 1147 2054 si
1160 2007 1261 2066 stetim,
1275 2024 1333 2059 eum
1345 2008 1463 2072 cessavit,
1478 2009 1592 2076 privetur
1606 2009 1708 2072 luisset,
1720 2018 1747 2062 et
1760 2011 1793 2064 ite
1806 2009 1905 2066 iunctus

215 2089 382 2160 emphyteuta
395 2101 435 2144 eat
447 2091 612 2153 constitutus,
626 2109 676 2144 uon
689 2111 710 2145 v.
727 2101 755 2143 ut
767 2103 896 2161 procurer,
908 2112 959 2161 quo
971 2112 1032 2162 ager
1081 2089 1113 2140 ad
1131 2089 1266 2144 dominum
1282 2095 1456 2160 pertinerenl.
1472 2095 1521 2148 Sed
1536 2094 1586 2146 hnc
1610 2112 1661 2148 uon
1675 2092 1750 2148 isabel
1768 2096 1853 2146 locum
1872 2096 1903 2148 itt

214 2174 279 2230 elias
291 2173 392 2228 sterilis
405 2173 564 2243 pessundare
577 2176 701 2238 minetur,
714 2190 787 2228 cansa
799 2179 870 2230 enim
890 2179 1029 2248 impulsiva
1081 2176 1233 2244 quaestione
1246 2188 1349 2238 nostre,
1367 2179 1428 2246 qnia
1442 2180 1505 2230 illud
1522 2179 1637 2246 procedit
1655 2195 1686 2230 ex
1705 2174 1815 2230 fictione
1828 2179 1904 2250 legis,

214 2257 276 2320 init,
290 2268 319 2308 ut
336 2258 390 2325 syri
406 2259 509 2310 steriles
522 2258 692 2312 redderentur
704 2259 813 2314 fertiles.
827 2262 879 2313 Du.
895 2263 980 2316 ilahu.
996 2261 1034 2316 nd
1080 2261 1412 2330 ohta.ugtrusdepoe11a‚
1432 2263 1469 2313 ibi
1481 2275 1561 2314 cetui
1581 2259 1652 2316 fictio
1670 2261 1735 2329 lesit
1755 2261 1774 2314 1·
1794 2263 1838 2313 18·
1859 2267 1902 2320 ill.

216 2345 294 2396 Wes.
307 2340 334 2395 d.
344 2355 361 2396 1.
374 2353 400 2395 et
413 2345 461 2396 hoc
473 2360 560 2398 rerum
580 2355 621 2398 est
642 2353 695 2396 tam
716 2347 745 2398 in
767 2347 932 2416 emphyteusi
951 2347 1021 2400 eccle
1070 2341 1110 2410 ff.
1129 2345 1267 2414 dequibus
1281 2363 1354 2400 ecus.
1367 2349 1466 2420 major.
1481 2349 1679 2400 Meliovationes
1692 2367 1716 2400 a.
1730 2365 1782 2401 non
1797 2353 1902 2420 repetit,
1921 2329 1956 2382 ¹³

215 2428 319 2481 siastire
331 2446 408 2498 quam
422 2428 533 2498 privata,
547 2427 730 2482 licettlubium
744 2441 876 2483 mereatur
889 2431 921 2481 de
932 2433 1029 2500 private
1079 2445 1141 2497 ques
1153 2444 1184 2481 ex
1196 2442 1288 2482 notura
1300 2443 1451 2482 contractus
1470 2430 1656 2499 emphyteutici
1672 2441 1806 2498 praestare
1831 2444 1904 2487 tene·

217 2515 399 2584 emphyteusi,
411 2533 469 2568 cum
482 2515 550 2568 nulls
564 2517 605 2568 lex
625 2532 748 2585 expresse
769 2517 806 2570 sit
827 2519 941 2585 sancita,
967 2536 1032 2588 quaa
1082 2524 1131 2565 tur.
1144 2514 1162 2566 1.
1173 2513 1199 2564 2.
1212 2531 1278 2568 cers.
1288 2515 1342 2567 sin.
1356 2523 1454 2567 nutem.
1467 2529 1491 2566 c.
1503 2513 1716 2583 dejuremplsyt.
1730 2513 1794 2567 licut
1813 2517 1905 2571 vassal-

214 2599 354 2669 permittet
366 2601 541 2669 privationem
560 2595 630 2663 steri,
645 2601 667 2651 si
686 2600 804 2655 abutatur
821 2599 903 2654 luendo
925 2603 1022 2673 emphy
1081 2601 1121 2654 lus
1134 2609 1249 2670 repetere
1263 2600 1457 2654 meliorationes
1472 2600 1586 2656 dicatur.
1607 2617 1670 2669 quas
1694 2603 1721 2652 in
1741 2617 1795 2652 rem
1816 2601 1905 2656 leuda·

216 2694 295 2737 teute.
308 2685 346 2737 De
357 2686 528 2740 ecclesiastice
541 2685 798 2752 inaniterembigere
809 2686 870 2740 licet
882 2685 1032 2756 emphyteu-
1080 2685 1133 2738 lem
1146 2685 1284 2754 impendit.
1298 2685 1331 2735 ut
1347 2684 1434 2755 f.28.
1449 2691 1470 2746 1.
1487 2685 1655 2738 sicessollus
1668 2695 1698 2737 ut
1716 2689 1906 2741 etcnmmode·

216 2769 251 2833 si,
265 2770 380 2820 textibus
389 2770 437 2821 hoc
447 2770 593 2822 luculenter
605 2768 791 2834 asserentibus,
806 2779 834 2821 nt
847 2787 910 2822 nou.
928 2771 990 2824 120.
1007 2790 1031 2825 e.
1083 2765 1165 2819 terius
1177 2766 1194 2818 l
1208 2766 1239 2820 in
1252 2765 1306 2819 rei.
1317 2763 1341 2835 5.
1354 2764 1460 2838 pemffi
1473 2768 1609 2820 comustod.
1623 2769 1684 2836 quia
1699 2767 1850 2823 differenda
1863 2782 1906 2825 eas

217 2854 285 2908 &et
298 2853 501 2924 cutbpuirem
514 2853 602 2920 huius.
615 2855 799 2908 odernensi.
817 2853 889 2907 tdau
902 2865 988 2908 tamen
1005 2857 1032 2909 in
1083 2847 1232 2901 interitio!
1249 2859 1275 2900 0¹
1297 2849 1511 2918 emphyteotem,
1532 2849 1600 2919 quod
1628 2849 1668 2900 illi
1693 2867 1746 2903 uon
1769 2853 1907 2920 recipiant

216 2940 317 3011 private
332 2940 453 2994 obtinere
470 2941 632 3011 emphyteusi
650 2937 763 3002 confido,
785 2957 843 3010 ary.
855 2941 872 2991 i.
885 2941 957 2994 nesle.
971 2942 997 2992 3.
1010 2957 1033 2991 c.
1083 2930 1195 2985 fundum
1206 2935 1239 2986 sti
1253 2934 1454 2994 meliorandum,
1470 2942 1547 3004 procl
1558 2935 1736 3004 emphyteuta.
1751 2937 1801 2990 Dn.
1816 2939 1906 2994 Strur·

143 3027 146 3034 '
214 3023 247 3078 de
258 3025 338 3077 loeas.
348 3027 408 3092 qnia
421 3041 501 3095 aeque
516 3025 542 3075 iu
558 3022 656 3093 privata
679 3041 709 3075 ac
731 3022 905 3076 ecclesiastiea
926 3025 1033 3093 eusphy-
1084 3033 1175 3071 exerc.
1191 3019 1284 3072 (1.11.
1297 3018 1341 3070 71.
1355 3023 1433 3074 Zees.
1447 3015 1579 3086 odelhff
1593 3022 1672 3072 locet.
1697 3039 1726 3072 n.
1746 3021 1789 3072 tu.
1802 3031 1828 3075 et
1843 3022 1905 3075 ttt.

218 3109 283 3161 tensi
299 3108 444 3162 melioratio
456 3107 607 3178 acquiritur.
626 3105 765 3160 Borcbold.
778 3104 810 3160 de
820 3105 900 3159 reue.
917 3123 939 3159 c.
961 3109 987 3160 ³.
1006 3127 1033 3161 n.
1086 3102 1174 3157 Petet.
1187 3103 1215 3155 in
1226 3119 1248 3156 c.
1260 3101 1359 3174 dejnr.
1373 3099 1488 3170 emisi·
1499 3119 1527 3152 n·
1541 3102 1585 3154 15·
1603 3102 1648 3152 2¹·
1667 3099 1774 3156 Fccbiu.
1795 3107 1820 3154 1.
1839 3121 1907 3158 cors·

218 3192 262 3245 33.
274 3195 362 3263 lllyns.
385 3193 493 3248 111113.
507 3194 565 3244 obs.
587 3193 631 3246 39.
652 3192 703 3244 Do.
728 3192 816 3244 Eeho.
839 3189 878 3245 nd
906 3189 971 3246 Wes.
989 3193 1033 3260 qni
1084 3201 1137 3246 tro.
1148 3207 1171 3247 c.
1182 3190 1227 3242 31.
1241 3189 1312 3242 ldesu
1325 3191 1444 3252 obtinet,
1466 3205 1501 3242 sc.
1514 3187 1583 3258 quod
1599 3188 1796 3242 meliorationes
1813 3191 1845 3242 sd
1858 3191 1905 3244 do·

162 3269 197 3321 1¹
218 3278 404 3345 praeiudicium
418 3277 544 3345 attepnp.
557 3275 623 3328 milri
634 3275 697 3326 333.
709 3275 737 3328 in
747 3273 798 3342 fin.
813 3276 882 3328 iiiuc
895 3294 954 3345 urg.
966 3277 1033 3347 ejus·
1086 3275 1187 3328 minum
1201 3275 1368 3344 pervenient,
1383 3273 1445 3324 licet
1459 3273 1515 3326 sine
1536 3274 1611 3342 culpe
1631 3273 1811 3342 emphyteutae
1830 3272 1908 3329 finite

217 3355 278 3413 dem
292 3360 311 3412 l.
327 3362 353 3412 3.
365 3377 388 3412 c.
399 3359 434 3412 de
450 3359 531 3416 locut.
547 3360 627 3411 etiam
651 3355 775 3410 liniretur
798 3359 992 3427 emphyteusis,
1012 3357 1035 3410 si
1085 3357 1121 3410 sit
1133 3357 1322 3427 emphyteusis,
1334 3374 1393 3410 curu
1407 3355 1527 3420 (linatur,
1545 3356 1616 3424 quod
1636 3355 1781 3409 conductor
1799 3357 1908 3411 demum

219 3445 343 3498 dominus
356 3459 388 3496 ex
400 3442 486 3495 subita
504 3453 531 3495 et
549 3453 610 3494 ante
628 3459 680 3494 nnn
699 3443 815 3510 praevise
828 3441 984 3494 necessitate
997 3442 1036 3494 itt·
1086 3443 1219 3512 impensas
1231 3451 1258 3493 et
1270 3441 1467 3494 meliorationes
1480 3455 1538 3492 snae
1562 3438 1642 3492 lectas
1668 3451 1785 3507 repetere
1803 3431 1903 3507 possis',

217 3527 305 3596 digest
324 3543 352 3580 re
368 3524 571 3596 emphyteutica.
590 3525 688 3578 Verum
708 3541 767 3576 cum
788 3522 858 3574 inter
882 3523 1037 3590 emphyten·
1086 3527 1108 3578 ei
1127 3542 1180 3578 non
1201 3533 1335 3576 teneretur
1359 3538 1393 3576 ex
1418 3523 1474 3590 lege
1492 3532 1635 3575 contractus
1654 3539 1697 3574 eas
1715 3521 1815 3582 iacere,
1840 3538 1904 3591 ques

216 3623 269 3666 tetn
288 3621 314 3664 et
331 3612 519 3664 conductorem
540 3607 574 3661 sit
591 3606 760 3670 differentia,
779 3615 889 3675 propter
908 3607 971 3658 utile
995 3609 1036 3674 ins
1088 3609 1150 3662 esne
1163 3607 1332 3679 emphyteuta
1351 3619 1481 3676 praestare
1494 3605 1580 3661 dehet.
1594 3606 1611 3657 l.
1626 3606 1669 3657 33.
1687 3611 1710 3667 §.
1728 3605 1755 3656 1.
1774 3603 1792 3654 l.
1810 3601 1903 3670 ⁶¹·ff·

90 3734 100 3773 ,-
219 3695 248 3750 in
265 3710 330 3758 rem,
347 3693 418 3764 quod
439 3691 608 3762 emphyteuta
630 3691 716 3752 babet,
736 3707 788 3742 non
809 3707 867 3743 vero
879 3687 1037 3755 conductor,
1086 3691 1119 3745 sie
1136 3690 1218 3743 locat.
1240 3691 1290 3744 Du.
1308 3689 1397 3744 tadu.
1417 3691 1447 3742 t'rs
1464 3691 1490 3743 d.
1508 3689 1573 3760 disp.
1591 3687 1627 3741 tls.
1647 3688 1674 3742 8.
1696 3685 1739 3741 iit.
1752 3687 1778 3741 d.
1797 3685 1904 3740 Fechic.

85 3778 91 3827 l
218 3779 390 3849 ideoqnevis
408 3795 463 3832 eam
482 3775 634 3830 cheensem
664 3775 818 3844 expelletur.
844 3775 919 3828 Zoes.
946 3776 973 3828 in
999 3775 1038 3827 tit.
1089 3775 1117 3824 1.
1130 3785 1203 3828 cont.
1218 3775 1264 3828 33.

210 3862 251 3934 ff.
269 3865 351 3920 locut.
369 3881 398 3917 n.
417 3863 478 3914 stu.
497 3872 524 3916 et
541 3863 603 3914 111.
624 3861 714 3914 Perea.
732 3858 761 3913 in
778 3859 818 3913 tit.
837 3877 860 3912 e.
875 3856 908 3912 de
917 3860 973 3929 y'ur.
986 3877 1037 3912 em·

882 4011 1130 4082 CAPUT
1176 4012 1241 4080 lv.

799 4175 851 4244 De
875 4177 1034 4266 cognatis
1057 4193 1089 4246 et
1112 4175 1328 4272 disparibus.

4 3903 7 4018 l

458 4345 481 4397 d'
501 4341 530 4397 tl
543 4341 577 4395 fl
592 4339 628 4394 tt!
641 4339 671 4392 A
691 4341 714 4392 li
733 4341 753 4391 1
767 4338 796 4390 a!
1086 4360 1110 4395 e.
1133 4339 1168 4395 tie
1185 4340 1246 4413 jur.
1271 4339 1386 4408 emphyt.
1402 4335 1478 4409 Quod
1497 4337 1577 4390 etiam
1597 4336 1698 4389 lieltnm
1719 4347 1758 4390 est
1776 4335 1903 4407 emptori.

1087 4429 1198 4480 Zenon.
1217 4423 1366 4484 coristitnit,
1396 4431 1424 4473 ut
1456 4422 1635 4491 emphyteusis
1659 4421 1792 4490 propriam
1828 4435 1901 4470 suem

225 4519 367 4592 Quomodo
385 4518 714 4592 emphyteusisccncem'ut
727 4531 787 4572 cunt
799 4515 971 4588 emptionem
982 4515 1036 4589 dff-
1085 4517 1203 4572 naturam
1222 4505 1331 4566 babent,
1349 4517 1374 4558 ut
1392 4513 1509 4574 separate
1528 4520 1584 4556 esse
1601 4501 1704 4564 debeat,
1730 4503 1764 4554 eh
1788 4502 1902 4572 emptio·

250 4603 336 4673 finer
354 4605 388 4658 ob
406 4624 447 4658 aa.
466 4623 493 4657 u.
517 4607 540 4656 1.
1011 4637 1015 4644 .
1084 4609 1132 4657 ces
1150 4589 1241 4642 differt
1258 4591 1347 4658 itaque
1364 4589 1395 4640 eb
1414 4589 1546 4656 emptione
1560 4588 1713 4640 venditione
1732 4587 1759 4638 in
1779 4604 1818 4650 ea,
1831 4585 1901 4657 quud

226 4686 368 4760 Quornodc
386 4709 446 4744 cum
464 4687 610 4743 locatione.
628 4703 658 4740 rs.
677 4683 704 4736 2
1085 4693 1126 4729 res
1145 4673 1250 4728 mobilis
1268 4675 1347 4728 etiarn
1361 4684 1459 4726 ematur
1472 4672 1609 4737 vendetur,
1629 4671 1808 4742 emphyteutae
1827 4687 1848 4722 a.
1862 4685 1904 4724 res

220 4774 326 4846 Differt
344 4795 361 4828 o
378 4771 501 4844 superfis.
524 4790 551 4825 n.
570 4773 596 4826 3.
1084 4760 1231 4814 immobilis
1250 4758 1404 4830 repuleriter
1424 4755 1590 4810 concedatur.
1609 4755 1720 4826 Emptor
1745 4754 1826 4806 semel
1852 4755 1902 4807 sol·

221 4863 251 4913 A
269 4854 574 4912 concesserimus.
1083 4863 1145 4901 vens
1163 4845 1329 4908 mercedem,
1348 4855 1435 4916 postes
1455 4842 1525 4895 liber
1542 4854 1599 4897 est:
1619 4841 1783 4912 emphyteuta
1799 4863 1822 4895 v.
1836 4857 1902 4908 utro·

221 4943 251 4996 A
267 4941 400 5013 precariis.
414 4959 441 4992 n.
455 4939 480 4993 3.
1086 4929 1173 4984 tannis
1191 4929 1271 4982 solvit
1287 4943 1421 4982 cunonem·
1447 4927 1566 4979 Pretium
1595 4925 1758 4979 venditionis
1782 4925 1904 4976 consistit

1085 5013 1114 5068 in
1131 5013 1256 5086 pecunia,
1275 5012 1384 5064 slomino
1403 5011 1602 5079 emphyteuseos
1615 5025 1656 5062 res
1675 5007 1811 5074 lungibilis
1826 5023 1901 5076 pree·

190 5063 270 5166 ¹81
288 5131 353 5182 quse
370 5122 431 5167 scut
447 5109 540 5166 cilinia
563 5109 744 5180 emphyteusi,
769 5123 830 5159 sane
860 5105 912 5159 erit
939 5103 1037 5176 emptio
1085 5099 1148 5150 stari
1167 5105 1261 5166 polest.
1280 5096 1310 5148 in
1328 5095 1461 5168 emptione
1486 5097 1641 5144 aestimatur
1673 5107 1716 5144 res
1744 5093 1818 5158 ipse,
1850 5107 1902 5142 em·

224 5198 356 5262 venditio,
375 5200 414 5250 sel
438 5197 533 5250 locatio
559 5194 712 5256 «eudomio,
743 5207 802 5244 cum
835 5190 863 5242 bi
887 5201 1035 5242 eontraetus
1083 5179 1339 5252 pbytentee.solvit
1357 5194 1481 5230 canonem
1500 5179 1527 5228 in
1547 5175 1662 5230 dominil
1687 5175 1902 5246 recognitionem.

231 5292 330 5336 tantem
350 5280 556 5336 lemilinritatem
577 5278 673 5331 habere
690 5276 740 5330 risi
760 5274 826 5338 sint,
853 5285 879 5324 nt
905 5273 957 5325 loti
977 5271 1037 5324 hae·
1086 5263 1194 5335 Emptos
1213 5263 1313 5333 aenipit
1332 5261 1478 5316 dominium
1498 5260 1645 5314 directum:
1663 5261 1828 5328 emphyteuta
1850 5271 1902 5312 tan·

229 5365 383 5429 allevemur,
400 5383 433 5417 ,η
452 5364 638 5434 emphyteusin
657 5359 687 5413 ad
707 5355 885 5411 venditionem
912 5357 1034 5408 selloca·
1087 5361 1139 5403 tum
1159 5347 1241 5412 utile,
1259 5349 1299 5400 nti
1318 5346 1363 5400 dd.
1383 5345 1409 5397 id
1428 5346 1584 5414 explicant,
1601 5345 1639 5398 ed
1663 5345 1686 5412 §.
1711 5345 1812 5397 tctt.
1823 5347 1849 5418 J'.
1868 5348 1901 5400 de

224 5451 323 5503 tionem
343 5447 477 5504 referrent.
495 5449 619 5517 Cogitatio
637 5465 661 5498 a.
679 5445 874 5512 emphyteusi-os
892 5441 920 5492 in
935 5457 964 5493 eo
985 5439 1037 5492 l'nit
1086 5448 1136 5488 m.
1150 5431 1230 5487 dots.
1244 5431 1261 5484 l.
1276 5427 1345 5498 ¹·ff·
1358 5429 1384 5482 u·
1405 5447 1470 5496 oyes·
1482 5428 1571 5499 oectiy.
1598 5427 1745 5481 Goudmdo
1763 5429 1896 5496 cognatio·
1917 5433 1936 5483 ²

227 5551 285 5588 cum
304 5532 538 5604 emptione,syuod
561 5535 649 5598 jures
668 5537 760 5580 natura
786 5528 860 5594 hujus
891 5524 989 5593 negotii
1009 5525 1036 5577 iu
1085 5533 1144 5569 nem
1163 5515 1241 5569 babel
1264 5532 1322 5568 cum
1353 5513 1535 5582 emphyteusi,
1566 5513 1628 5564 dnm
1660 5513 1825 5582 emphyteuta
1849 5529 1902 5566 non

226 5627 382 5690 perpetuum
401 5616 431 5669 erl
449 5616 645 5685 emphyteutam
665 5613 852 5678 transeat§.³.
865 5607 1036 5681 y'.lloeut.uti
1087 5601 1184 5669 accipit
1200 5598 1347 5654 dominium
1367 5599 1487 5666 plenum,
1507 5611 1554 5648 nec
1580 5597 1678 5650 locator
1708 5597 1735 5648 id
1768 5597 1899 5651 taatrslert.

225 5701 259 5757 fis
277 5705 306 5759 in
325 5703 475 5774 emptione,
496 5709 550 5754 tum
568 5697 637 5766 quod
667 5693 758 5748 utendi
790 5697 831 5759 ius
860 5695 1039 5762 emphytentoe
1086 5685 1261 5755 Emphytenta
1280 5699 1332 5734 nnn
1350 5682 1473 5736 liberatur
1493 5697 1544 5732 nno
1562 5695 1677 5742 sassones
1697 5681 1732 5733 ita
1766 5697 1814 5734 nee
1838 5700 1900 5734 ωη.

226 5799 374 5865 summu,
394 5787 473 5862 mque
493 5785 526 5842 ,1
543 5782 665 5840 horodes
683 5777 877 5838 nepotianum
903 5785 925 5844 ς.
948 5779 973 5833 a.
985 5780 1007 5832 1.
1006 5776 1039 5848 s.
1087 5767 1189 5826 ductor.
1207 5764 1361 5836 uiderunt,
1380 5765 1443 5820 dnm
1473 5766 1641 5838 emphyteuta
1660 5765 1725 5820 utile
1751 5763 1899 5824 dominium
1918 5753 1937 5806 ⁸
