4450 6220
390 289 442 344 scs
874 283 1149 340 unsrun-tritis.
1169 281 1272 338 ntur.
1291 283 1313 336 t.
1332 280 1447 339 curun
1466 281 1487 335 t.
1923 283 1976 341 sse
2089 249 2093 256 ’

333 387 469 442 stubitiuse
486 401 610 458 expresse
626 402 675 456 per
692 384 804 454 gretiens
824 381 939 437 ellertur.
959 384 999 452 (2)
1019 382 1155 452 Aquilius·
1210 397 1257 444 se,
1276 380 1334 434 sinc
1351 397 1433 434 onere
1450 395 1514 446 sno,
1534 393 1582 434 nec
1598 377 1683 450 lesen
1703 375 1767 436 ltnic
1785 375 1972 449 geettlluttmt
1994 377 2034 440 sli-

335 473 395 524 slesn
414 471 458 524 slsl.
476 489 524 542 pro
548 469 690 532 electione,
710 469 747 520 uti
767 485 799 522 cx
818 467 836 520 l.
845 463 942 535 fimff.
964 465 997 518 ds
1016 464 1157 532 religiosis.
1208 475 1289 518 otetn.

334 565 363 608 et
380 557 495 618 textibus
514 556 633 626 pluribus
652 555 713 606 eliis
732 570 796 620 quos
816 552 921 618 rolleqit
940 547 1107 616 Tireqnellus
1126 547 1158 599 de
1245 555 1266 610 ς.
1287 547 1313 600 2.
1332 545 1385 616 (m)
1404 546 1474 598 llinc
1492 547 1522 600 in
1540 547 1558 600 1.
1572 549 1598 600 θ.
1611 549 1633 614 ς.
1647 548 1674 601 2.
1687 545 1788 602 bereb.
1808 550 1883 602 outb.
1891 549 1955 623 juti.
1972 569 2034 620 pns-

329 641 394 711 J'tsre
403 640 485 711 prim.
498 651 564 692 tom.
580 641 605 690 l.
623 657 668 709 qu.
684 639 725 688 l'l.
740 636 816 704 ops'n.
832 636 857 686 2.
871 653 898 688 ss.
913 639 936 686 1.
959 634 984 685 2.
999 643 1024 684 et
1039 634 1063 683 3.
1080 633 1158 682 tttoc·
1208 629 1258 684 sid.
1271 641 1298 684 cl
1311 631 1328 682 l.
1342 631 1386 682 22.
1397 629 1523 702 ffiqssoe
1547 629 1677 698 lesmor.
1701 631 1791 684 credit,
1816 633 1870 684 Jeti
1891 635 1986 687 Pactu,
2005 643 2038 689 22

334 735 411 776 tenus
424 723 457 777 de
471 721 559 778 tsstels's
571 741 593 776 c.
611 723 636 772 3.
650 738 676 772 rt.
690 721 735 771 62.
754 719 881 787 Quemvis
900 733 961 786 pecc
978 716 1104 782 cujusque
1123 715 1159 766 tte
1211 715 1332 768 Scsevole
1352 716 1531 766 tnrnsiemnrn
1552 717 1653 786 pupillo
1685 715 1801 768 debitori
1835 713 2034 792 gretlfiqetionc

335 809 477 862 sentientis
495 823 578 876 neque
596 805 623 856 in
642 803 662 854 l.
674 804 790 872 ellegctn
800 799 899 870 siruff.
913 800 946 853 de
960 796 1101 870 religiosis·
1114 813 1158 848 nc·
1212 799 1393 865 ints-rdicssnt,
1412 809 1438 852 et
1457 799 1614 851 creslitorens
1633 799 1703 869 quosl
1722 817 1752 852 eo
1770 802 1901 869 ecceperit
1914 819 2034 856 cummu-

334 909 385 958 qttc
403 891 536 944 similibus
554 907 568 940 e
588 888 738 954 Tirsquello
755 887 873 938 collectis
893 885 1005 936 textibus
1023 879 1054 934 τὸ
1062 882 1159 946 eligere
1213 886 1303 938 nicerc
1319 887 1428 952 jubent,
1447 899 1506 934 curn
1527 884 1614 954 plures
1633 884 1712 934 simul
1733 883 1858 936 instentcs
1872 884 1924 936 sibi
1939 901 2032 956 ceque-

336 965 1157 1045 progretilicerinccgretitioeriproelipcresit.Neserbetlis·
1212 969 1511 1038 lejusqueesiserunt,
1531 968 1688 1019 inceeteris
1708 965 1831 1017 seroubl
1863 983 1917 1020 non
1949 970 2032 1022 simul

336 1058 516 1122 simulent,its
528 1055 667 1108 bebentset
679 1052 805 1107 electioni
817 1048 1159 1120 boererls'retprnss'ficnts‘o·
1212 1055 1365 1106 institerunt
1385 1052 1423 1104 sel
1441 1064 1595 1119 exegerunt:
1615 1050 1696 1100 slublo
1717 1050 1790 1102 omui
1808 1052 1897 1118 procul
1927 1048 2030 1120 gretili·

336 1142 524 1202 ns'locsssest,
544 1149 582 1190 est
604 1138 653 1190 boc
674 1137 752 1189 morlo
772 1148 871 1189 tentum
887 1136 1002 1198 slicitur,
1015 1134 1084 1204 qucsl
1099 1133 1160 1186 bee-
1209 1139 1339 1190 cntionem
1359 1138 1522 1208 permittunt.
1542 1133 1608 1204 Qs'sis
1628 1135 1760 1204 nequierit
1777 1135 1849 1188 euim
1869 1137 1948 1188 etiem
1970 1138 2031 1190 elit.

335 1238 394 1287 res,
412 1225 452 1277 sel
471 1223 532 1273 eliis
550 1221 666 1273 textibus
683 1220 752 1271 nllus
771 1221 849 1287 quis,
878 1219 1000 1284 eliseo-lo
1026 1213 1160 1286 grutifice·
1211 1219 1295 1272 modis
1314 1217 1753 1288 slcbitoremgretillcericreulitori
1770 1216 2029 1276 selerelsclutinni

337 1318 396 1368 luri
415 1308 459 1359 ”d
480 1305 592 1358 multum
614 1306 727 1357 interest
748 1304 822 1354 inter
853 1299 1019 1370 pretibcensli
1051 1301 1156 1356 molum
1208 1302 2030 1374 entetesnpnscurnesnolumento,potecrelitoris,solsenbo

335 1391 416 1444 seluti
435 1407 482 1459 per
511 1389 665 1440 electionem
696 1396 724 1438 ct
753 1382 973 1454 testificationem
1005 1387 1100 1454 ipsein.
1125 1383 1159 1436 Et
1209 1391 1324 1442 solcum
1343 1392 1394 1457 jesu
1413 1386 1540 1440 lebonis
1558 1387 1717 1440 lebensliset
1735 1386 2029 1444 debitorietcreslitori

336 1472 557 1544 quemflmotlum
589 1471 634 1524 ti1
658 1479 751 1522 tucior
782 1469 902 1539 est,qui
922 1469 1049 1519 tlltrttlft
1074 1467 1158 1520 bolum
1210 1476 1374 1537 coxistiterit,
1393 1474 1500 1526 nemine
1518 1473 1598 1525 simul
1617 1473 1733 1526 instente
1751 1473 1846 1525 solutio
1861 1473 1948 1541 judice
1960 1493 2029 1532 meq-

335 1557 442 1630 prcprin
463 1558 502 1609 sel
520 1555 642 1611 trenslete
663 1571 722 1604 usus
741 1553 792 1616 sit,
811 1564 854 1606 eut
872 1551 1009 1603 consutosle
1035 1551 1071 1602 uti
1098 1566 1157 1619 pos·

336 1646 387 1709 eit,
408 1645 444 1694 ilc
464 1643 543 1694 etiem
562 1641 593 1693 rb
612 1635 754 1706 gretiftcnri
775 1636 985 1708 supponentibus
1003 1651 1050 1685 usn
1078 1633 1158 1686 senil.

338 1729 377 1794 (sl)
395 1727 449 1797 Ego
467 1745 528 1780 sero
546 1728 666 1796 proprius
684 1723 848 1790 acceptiones
867 1713 894 1772 iu
916 1717 1050 1772 trectenslo
1076 1719 1159 1786 rengis

338 1812 539 1881 sectaborquens
552 1810 700 1870 trensletes;
709 1806 933 1877 qureslistiuxisse
948 1803 1035 1865 initio,
1046 1803 1160 1854 snsxiroe

340 1896 459 1966 proslerit
478 1895 656 1963 sequentibus,
665 1895 748 1946 cernel
756 1907 838 1946 error
850 1881 1158 1954 pronisoccepsusours‘·

340 1978 389 2032 bos
401 1989 427 2030 et
438 1975 568 2046 principii
579 1978 639 2028 loco
651 1978 764 2038 positus,
773 1977 864 2026 haeret
872 2009 879 2034 ,
887 1972 1042 2037 posteritate
1054 1969 1146 2040 gliscit.

376 2068 399 2123 ς.
418 2061 444 2113 3.
462 2061 586 2126 Exposite
605 2061 768 2128 eliquutenus
786 2058 969 2124 embiquitnte,
985 2055 1088 2106 indoles
1108 2070 1160 2104 non

338 2142 503 2217 gretilicsnsli
524 2162 569 2213 per
588 2143 793 2212 descriptionem
813 2140 985 2210 exprimentia
1017 2138 1067 2190 boc
1093 2155 1160 2190 nexu

338 2231 485 2282 constebit:
503 2227 571 2298 quosl
592 2225 632 2298 (e)
652 2245 703 2278 nun
722 2221 889 2293 gratificandi
922 2224 963 2291 jus
994 2219 1032 2272 sit
1057 2223 1105 2272 uni
1130 2237 1163 2273 ex

338 2313 459 2384 pluribus
478 2311 579 2364 iuuenili
600 2313 656 2381 lege
676 2313 798 2362 restricte
827 2307 944 2361 incutitis.
975 2305 1027 2378 (s)
1046 2306 1160 2361 Generis

339 2399 426 2451 locum
446 2396 555 2449 incultus
573 2397 662 2458 subit,
681 2393 750 2464 quob
769 2393 934 2446 commodius
963 2408 996 2444 ex
1022 2392 1159 2461 prseslice·

340 2477 451 2530 nsenteli
471 2477 536 2529 scele
556 2492 608 2528 non
628 2475 753 2528 occurrit.
770 2473 809 2544 (p)
823 2473 916 2526 Acturo
934 2471 1040 2542 quislem
1059 2473 1163 2542 generis

340 2563 397 2616 loco
414 2580 512 2634 ponere
529 2561 634 2615 enimus
653 2572 730 2624 eret,
750 2562 819 2629 quot
837 2558 910 2612 lectis
930 2575 1010 2626 genus
1023 2559 1052 2610 tn
1069 2559 1161 2630 eppri·

339 2667 383 2702 sne
401 2649 552 2712 conveniet,
571 2665 628 2715 urg.
653 2648 672 2699 l.
694 2647 779 2714 sttff.
790 2649 823 2700 de
836 2665 858 2699 u.
873 2663 895 2697 s.
908 2645 1002 2696 Tebcr.
1019 2655 1092 2713 port.
1111 2644 1163 2697 els-

341 2742 458 2800 menbp.
473 2735 498 2785 8.
511 2751 532 2784 s.
546 2733 570 2782 ³.
585 2724 607 2784 θ.
628 2733 673 2782 30.
693 2733 738 2784 ut.
758 2731 802 2782 sesl
821 2731 922 2782 obicem
943 2729 1073 2796 postebst,
1092 2727 1162 2796 quusi

340 2813 459 2867 huonon
478 2813 645 2884 gratificensli
667 2818 708 2883 jus
727 2813 796 2865 hunsl
816 2813 844 2864 in
860 2830 931 2864 mero
944 2810 1012 2863 lecto
1026 2813 1163 2876 consistet,

342 2895 411 2964 quod
432 2905 518 2949 temen
538 2901 612 2950 bosus
632 2895 704 2948 ind.
724 2895 741 2946 l.
762 2896 803 2947 ts.
824 2896 957 2965 requirere
974 2895 1099 2958 sirletus,
1118 2895 1163 2946 seb

340 2979 428 3046 ipsnsn
448 2981 488 3043 ius
506 2991 532 3032 es
551 2979 681 3044 lecssltes,
699 2995 764 3048 quoe
783 2979 869 3030 taliter
896 2979 1016 3030 restricte
1047 2980 1165 3032 menime

341 3071 484 3130 spectetur.
501 3063 612 3132 Reliqui
631 3061 709 3114 serbe
735 3059 915 3113 slifferentiem
941 3057 1090 3130 specificesn
1119 3060 1164 3114 bs·

342 3145 426 3212 bont,
443 3157 470 3201 et
488 3147 620 3216 desssmpts
640 3145 729 3198 esslesn
748 3164 763 3197 s
784 3135 856 3196 cntts'e
876 3141 1007 3196 efficiente
1025 3145 1126 3211 objecto
1138 3154 1164 3198 et

342 3228 444 3294 locrus,
463 3246 528 3299 ques
547 3232 648 3297 singule
666 3245 800 3300 exponere
818 3227 933 3282 rnetlsosli
946 3228 1013 3280 estin
1027 3236 1054 3279 et
1068 3245 1162 3298 propo·

341 3313 386 3368 siti
405 3313 497 3366 mosius
515 3313 637 3381 impetiit.
655 3311 756 3367 Lectori
776 3312 869 3381 cuique
886 3327 918 3363 ex
938 3309 1008 3364 nudo
1024 3312 1163 3364 serbornsn

340 3409 480 3468 conspectu
499 3399 621 3468 colligere
638 3399 727 3453 eedem
746 3397 822 3450 lecile
839 3407 888 3450 est:
905 3395 949 3467 (b)
964 3395 993 3447 ln
1012 3395 1162 3451 universum

340 3486 400 3552 lege
416 3485 532 3538 restricte
551 3483 656 3538 incultos
675 3484 788 3545 slicitnr,
815 3481 883 3551 qucsl
902 3481 1040 3534 hominum
1070 3482 1165 3554 cuique

342 3567 382 3618 nti
403 3566 539 3618 moreliter
559 3565 596 3617 ite
615 3565 727 3632 juridice
745 3567 777 3616 sle
795 3567 850 3617 suis
867 3559 1012 3632 gretlficerl
1041 3563 1079 3617 irs
1106 3567 1163 3632 sit,

342 3651 397 3703 nisi
417 3651 587 3720 loquentum
606 3651 838 3722 legcprobibetur
862 3665 996 3718 expresse·
1027 3647 1061 3720 (ι’)
1089 3651 1163 3702 Tire·

343 3733 446 3805 quellns
463 3733 571 3800 quidem
592 3733 624 3784 de
630 3733 691 3804 jur.
708 3731 881 3804 primogenil.
900 3750 982 3800 supro
998 3735 1080 3786 citas
1099 3734 1161 3786 loco

342 3825 410 3868 tom.
424 3817 503 3884 bqss.
518 3815 562 3867 17.
576 3833 618 3878 ορ.
644 3815 671 3866 2.
698 3833 726 3868 rs.
751 3816 796 3866 23.
816 3825 840 3868 et
860 3817 935 3866 snulti
955 3815 1017 3878 elii,
1036 3815 1082 3884 qui
1102 3833 1160 3868 eunt

1210 1557 1287 1610 slentc
1306 1557 1368 1610 iscte
1390 1558 1443 1622 sit,
1462 1558 1513 1609 sim
1531 1556 1638 1626 qotrtem
1658 1551 1860 1626 gretilicetionis
1879 1558 1974 1625 hebet,
1989 1577 2030 1615 se·

1211 1643 1327 1692 cundum
1348 1643 1424 1695 Vino.
1438 1640 1545 1694 Cerotti.
1562 1641 1642 1693 slecis.
1666 1641 1724 1692 109.
1747 1660 1776 1692 n.
1795 1641 1838 1692 28.
1864 1641 1937 1695 circo
1960 1647 2028 1698 merl.

1211 1741 1269 1776 cnm
1285 1725 1338 1791 jum
1359 1735 1413 1775 tum
1434 1724 1499 1776 bons
1518 1723 1630 1787 offerre,
1648 1730 1675 1773 et
1693 1733 1719 1774 nt
1737 1723 1816 1774 slsuul
1835 1724 1965 1780 instarent
1979 1745 2030 1780 sno·

1212 1823 1272 1859 uere
1289 1807 1371 1860 ssleet
1391 1809 1522 1874 reliquos,
1540 1805 1633 1858 Frenc.
1653 1805 1763 1874 suendo
1780 1806 1867 1876 labyr.
1880 1810 1988 1878 crebo.
2004 1813 2031 1864 l·

1211 1907 1235 1940 e.
1253 1894 1277 1941 t.
1292 1907 1321 1942 n.
1333 1890 1358 1943 l.
1371 1891 1413 1941 sesl
1431 1889 1540 1942 omniuo
1559 1889 1654 1942 subulo
1674 1897 1747 1942 tenet
1765 1907 1812 1958 per
1828 1893 1854 1944 sl.
1870 1893 1890 1945 t.
1910 1894 1956 1946 22.
1969 1913 2030 1949 ser·

1212 1973 1258 2024 be:
1275 1973 1301 2024 si
1313 1991 1373 2026 csssss
1386 1976 1417 2024 r'n
1429 1984 1539 2026 coesset
1552 1983 1580 2025 nt
1593 1974 1668 2027 bosso
1679 1973 1807 2028 debitoris
1819 1976 1873 2030 snei
1888 1978 2030 2034 seniers'ni.

1214 2055 1244 2109 Et
1263 2059 1290 2107 iu
1310 2055 1335 2108 d.
1354 2058 1372 2110 l.
1392 2057 1418 2108 s.
1436 2059 1590 2125 glossetores
1606 2057 1679 2110 serb.
1698 2071 1796 2112 nocent.

1247 2147 1269 2202 ς.
1283 2141 1307 2194 5.
1326 2139 1380 2194 Nec
1399 2161 1513 2210 unquem
1537 2144 1701 2194 llertmenno
1721 2143 1834 2196 Pistoris
1850 2161 1907 2198 essn
1926 2157 2029 2204 senien-

1216 2223 1279 2278 ts'ern
1301 2225 1398 2294 fugisse
1416 2229 1554 2295 genuinum
1574 2227 1730 2280 creslirlerim
1750 2226 1795 2280 lib.
1810 2229 1835 2279 3.
1846 2248 1890 2298 qu.
1904 2231 1946 2281 20.
1961 2250 1988 2284 rs.
2002 2235 2028 2286 3.

1214 2309 1287 2372 qussi
1309 2312 1347 2362 uti
1367 2309 1517 2364 l'erescrbe
1537 2321 1642 2373 sonent,
1670 2319 1724 2362 tum
1756 2311 1861 2366 derisum
1892 2314 1941 2367 boc
1971 2331 2032 2372 ceses

1215 2389 1318 2443 debitur
1337 2391 1499 2461 gretilicstus
1515 2409 1571 2448 esse
1590 2395 1709 2457 dicetur,
1727 2409 1787 2446 curn
1807 2396 1908 2466 utrique
1921 2399 2032 2455 instenti

1218 2473 1338 2526 solscrit.
1356 2475 1401 2544 (n)
1419 2493 1477 2530 noso
1497 2492 1543 2528 nec
1559 2477 1637 2530 serbe
1656 2493 1704 2530 neo
1722 2494 1796 2530 snens
1814 2480 1880 2546 legis
1899 2483 1977 2534 tslern
1991 2485 2034 2538 in-

1216 2557 1434 2622 terpretstionesn
1454 2559 1572 2612 suedeut.
1589 2559 1680 2630 Neque
1704 2579 1796 2616 omnes
1826 2566 1943 2632 ejusdem
1977 2589 2033 2624 sen·

1217 2638 1327 2703 tentiee,
1348 2641 1386 2690 uti
1406 2653 1491 2693 tesnen
1519 2643 1630 2696 Pistoris
1661 2643 1761 2698 ibislesn
1792 2647 1905 2716 innuit,
1935 2651 2029 2708 iurent.

1217 2720 1353 2774 Glossrtor
1370 2724 1466 2792 eliquit
1484 2728 1588 2780 serbiss
1605 2739 1635 2781 rst
1647 2729 1730 2801 siper
1746 2731 1977 2803 gratificationem
2003 2740 2032 2791 s'ss

1217 2806 1242 2857 d.
1256 2808 1274 2857 l.
1287 2806 1330 2859 22.
1343 2826 1416 2878 quoe
1426 2808 1561 2882 s‘rrsrossd·
1574 2813 1665 2867 cresls't.
1679 2827 1793 2886 utroque
1803 2821 1903 2872 scs'ls'cet
1913 2822 2033 2880 instante

1215 2887 1336 2955 eslslldits
1354 2892 1400 2942 sesl
1420 2896 1463 2947 six
1483 2897 1511 2947 id
1530 2898 1706 2952 restrictisesn
1724 2915 1754 2951 ec
1772 2901 1796 2951 si
1814 2903 1897 2956 solum
1923 2917 2034 2978 utroque

1217 2971 1333 3026 instente
1351 2977 1396 3028 uui
1415 2979 1519 3032 solscns
1538 2977 1709 3048 gretil'tcetur
1739 2986 1882 3054 exprimet.
1913 2989 1971 3044 lsno
2000 3011 2032 3048 ex

1215 3057 1356 3112 colletiusts
1374 3061 1486 3114 eliorum
1507 3073 1623 3118 textuum
1648 3075 1676 3120 et
1706 3067 1806 3122 lbislem
1836 3071 2031 3131 obsersetorusn

1214 3145 1359 3208 constsbit,
1381 3147 1440 3200 illos
1459 3149 1531 3216 ipsos
1549 3150 1706 3218 glussstores
1735 3153 1898 3212 debitoribus
1925 3161 2029 3230 ‘retib-

1215 3229 1267 3279 ceri
1285 3227 1408 3286 crcslitori
1428 3232 1585 3296 indulsisses
1603 3237 1649 3303 qul
1669 3235 1751 3304 igitur
1767 3238 1802 3289 erl
1820 3256 1907 3293 cesum
1923 3255 2032 3316 utroque

1215 3309 1327 3364 instente
1344 3313 1564 3370 restrinxissent?
1583 3316 1636 3370 ttec
1655 3319 1776 3374 Sceesole
1807 3321 1837 3374 s'ss
1866 3325 1984 3397 ellegere
2011 3334 2031 3385 1.

1215 3390 1259 3444 22.
1277 3391 1481 3461 gretificetionis
1499 3399 1651 3455 sucebnlnm
1671 3404 1707 3455 ite
1726 3407 1932 3472 coerctesit,eetl
1953 3419 2030 3470 sicuti

1214 3477 1243 3528 in
1261 3479 1384 3533 omnibus
1402 3480 1457 3536 lere
1475 3489 1611 3556 responsis
1628 3494 1655 3540 et
1673 3487 1750 3541 libris
1768 3491 1823 3544 suis
1840 3495 1929 3550 subtili
1942 3499 2032 3556 indole

1212 3562 1342 3616 concisius
1361 3574 1387 3617 et
1405 3563 1468 3618 inslc
1487 3567 1625 3622 obscurius
1643 3571 1775 3640 peululum
1795 3575 1927 3646 loquitur:
1949 3583 1984 3637 ite
2003 3597 2033 3642 et

1213 3643 1274 3738 bins
1293 3664 1323 3698 ec
1342 3645 1557 3714 gratificationem
1577 3668 1628 3704 non
1646 3657 1793 3724 quemlibet
1818 3662 1984 3720 intellexisse
2002 3681 2028 3724 et

1215 3727 1298 3795 ipsius
1318 3739 1404 3783 textus
1423 3733 1571 3802 inspectio,
1590 3746 1614 3788 ct
1632 3752 1696 3798 cnm
1716 3741 1776 3792 eliis
1801 3741 1846 3794 ubi
1878 3747 1966 3801 simile
1990 3752 2031 3803 sli-

1213 3815 1339 3885 spusituns
1359 3814 1426 3871 lacte
1445 3818 1551 3870 colletio
1569 3819 1663 3888 uocet,
1691 3824 1747 3894 ipse
1773 3827 1845 3880 enim
1877 3839 1963 3886 textus
1983 3835 2032 3892 ltoc

342 3909 503 3968 „quanqum
522 3908 655 3962 ...granu
675 3900 716 3966 jus
734 3893 902 3966 gretificensli
923 3915 1064 3970 numqnern
1090 3915 1162 3950 cosn-
1213 3899 1290 3950 morlo
1307 3897 1404 3952 relect:
1423 3899 1532 3968 quodsi
1543 3903 1570 3954 in
1583 3923 1615 3958 eo
1629 3919 1670 3958 est
1685 3919 1714 3960 set
1734 3908 1806 3962 bosso
1827 3911 1954 3968 debitoris
1978 3924 2036 3973 mei

344 3985 506 4053 pennum
525 3985 553 4036 5„
573 3981 676 4034 wihus
699 3983 789 4048 ejure
814 3981 1058 4058 expressisheiies
1088 3985 1161 4038 enirn
1212 3981 1780 4056 venierint,etmibs'pecssns'nsnsoloers't,
1798 3993 1823 4046 ri
1840 4013 1896 4052 nors
1914 4012 2032 4058 extorse-

343 4077 432 4120 contre
452 4066 517 4133 iuris
535 4081 673 4120 commune
690 4074 818 4117 essertum
838 4064 870 4115 sle
887 4066 944 4130 jure
962 4061 1039 4132 {tertii
1071 4064 1161 4136 ‹lispo-
1212 4065 1265 4116 rs'm
1279 4065 1378 4130 s'rsus'to,
1397 4085 1454 4119 sson
1467 4071 1655 4126 revocabitur:
1673 4072 1841 4144 qretilicstur
1856 4082 1942 4151 ireque
1961 4089 2029 4142 mibi

343 4166 408 4226 nere
437 4149 521 4212 lorets
540 4159 581 4202 est
600 4167 649 4202 nco
666 4148 768 4202 retionc
794 4145 889 4210 solide,
916 4163 963 4198 nec
987 4158 1060 4200 texto
1086 4167 1160 4204 suem
1211 4147 1330 4216 slebitor,
1349 4149 1412 4220 qui,
1431 4167 1489 4204 curn
1510 4153 1539 4206 in
1557 4170 1588 4208 ec
1606 4165 1646 4208 est
1664 4167 1691 4212 ut
1720 4158 1787 4212 bone
1816 4179 1861 4215 sne
1890 4182 2025 4236 censent,

343 4233 471 4291 etsbilisit
490 4235 657 4288 sententiens.
677 4235 725 4286 bus
745 4231 848 4300 eliquod
864 4227 1003 4294 beneficos,
1016 4231 1105 4298 quoles
1122 4245 1160 4288 ct·
1212 4232 1302 4298 soluit,
1323 4251 1382 4287 cusu
1400 4235 1465 4288 eliss
1482 4237 1606 4290 omnibus
1624 4239 1803 4296 crcslitoribns
1820 4247 1915 4303 nlicere
1932 4255 2026 4310 soluis-

343 4319 398 4372 iesn
418 4319 462 4371 bic
479 4316 651 4389 gretiiiceturi
671 4315 758 4369 locent
768 4353 776 4379 ,
795 4327 915 4380 notesse,
935 4315 1029 4368 nullibi
1043 4327 1160 4386 spperet:
1212 4325 1251 4368 set
1269 4329 1294 4370 et
1314 4319 1381 4370 mibi
1399 4319 1448 4371 suli
1468 4319 1763 4394 benegercpecuniem.
1794 4327 1923 4389 Conceslit
1953 4339 2030 4393 Soxe-

345 4403 391 4456 Μ
410 4413 465 4455 mm
485 4402 590 4454 demum
609 4403 691 4468 legent
711 4400 813 4468 posuit,
845 4415 902 4451 cunt
932 4395 1162 4466 scestflustccun-
1212 4400 1268 4452 sols
1287 4400 1354 4454 ltsno
1372 4399 1604 4472 gresibceticuem,
1622 4409 1767 4478 quemlibet
1779 4416 1879 4484 ergoin
1892 4402 1942 4473 isto
1958 4432 2030 4479 textu

345 4485 434 4538 tunes.
453 4503 512 4538 eum
530 4485 628 4550 injurie
646 4483 771 4548 elterius;
798 4481 896 4550 ubique
920 4493 1005 4534 sutem
1030 4481 1162 4549 gratifice.
1213 4497 1265 4534 non
1283 4485 1435 4554 probibuit,
1455 4487 1507 4541 nisl
1525 4503 1673 4543 eccursturn
1693 4499 1757 4547 setis
1776 4499 1861 4550 tetum
1888 4502 2025 4560 incudem

345 4567 446 4620 tionem
466 4584 524 4620 curn
547 4568 644 4634 injurie
663 4565 773 4620 elterius
791 4563 849 4617 lieri
871 4581 947 4616 nernn
966 4561 1031 4616 forto
1057 4579 1162 4622 esseret.
1214 4577 1285 4622 textu
1304 4571 1356 4623 sibi
1375 4573 1567 4629 contreslixisss
1587 4577 1672 4628 melis·
1690 4577 1747 4632 lxoo
1765 4582 1851 4644 itlem,
1871 4587 1939 4655 qunsl
1965 4607 2027 4662 snp-

345 4647 402 4702 lq„
418 4650 548 4715 quomod„
564 4650 624 4717 qus,
642 4665 745 4717 ,emper
763 4647 795 4698 ste
814 4651 872 4716 jure
893 4648 965 4699 tertii
978 4647 1103 4718 disponet
1116 4656 1161 4722 qui
1210 4655 1284 4721 posui
1304 4657 1418 4710 sensisse
1436 4659 1600 4726 Sosecolem,
1617 4663 1709 4716 Peulns
1727 4665 1746 4717 1.
1756 4665 1783 4718 b.
1788 4663 1830 4736 ff
1843 4670 1875 4724 dc
1888 4671 1943 4725 reb.
1958 4685 2028 4730 osset.

347 4727 527 4800 pretificetur,
546 4732 610 4784 setis
629 4733 712 4802 cepio.
729 4731 769 4800 (l)
798 4729 857 4784 Non
889 4730 963 4784 obest
994 4738 1161 4809 sententiae,
1205 4737 1269 4810 jud.
1280 4740 1384 4806 possid.
1403 4750 1526 4804 testetoss
1543 4746 1626 4813 eperti
1645 4748 1718 4800 enim
1737 4753 1855 4806 eemslesn
1883 4754 1947 4808 secti
1967 4775 2027 4829 spe·

345 4813 416 4886 quod
435 4815 462 4866 tn
482 4831 590 4868 comens
608 4815 763 4883 praesertim
782 4818 839 4883 jure
857 4824 941 4868 textus
958 4831 1103 4888 occurrunt,
1116 4825 1161 4893 qui
1212 4823 1279 4876 ciem
1298 4821 1421 4876 slecislens
1441 4843 1493 4878 non
1512 4829 1595 4881 solum
1615 4829 1674 4885 isleo
1692 4833 1782 4888 ssltesn
1808 4834 2027 4904 gretilicetionem

346 4893 491 4968 gretificeri
510 4901 538 4950 in
556 4897 712 4968 quibusdem
733 4899 837 4952 cesibus
855 4901 893 4952 uti
913 4901 930 4951 l.
933 4899 993 4970 fin.
999 4901 1039 4970 ff.
1052 4906 1085 4960 de
1099 4913 1163 4963 reti.
1213 4907 1453 4978 probibuit,quob
1472 4920 1579 4978 uterque
1596 4914 1676 4966 simul
1694 4915 1844 4987 institerit,
1874 4923 1918 4977 tesl
1950 4927 2027 4982 etiem

345 4983 632 5053 350„,15„mps.sun.
646 4983 806 5048 concedant,
825 4985 893 5055 quosl
912 4982 1008 5038 irustre
1023 4987 1161 5063 iustequis
1212 4995 1344 5062 expressis
1367 4993 1457 5047 serbis
1480 4995 1511 5045 nd
1535 4997 1672 5054 Sceesolee
1692 5006 1873 5058 suctorirstesn
1902 5023 2030 5076 pmsocet.

345 5067 539 5134 mpsfflgpuf,
557 5068 594 5129 21,
608 5067 646 5119 usi
671 5083 749 5134 supin
763 5069 892 5138 positum,
906 5073 1058 5138 regulariter
1069 5079 1162 5149 cuique
1213 5077 1334 5146 Ejusslens
1355 5078 1441 5148 ituque
1462 5080 1642 5134 llsrtmennns
1661 5083 1772 5138 Pistoris
1788 5105 1847 5140 cnm
1878 5089 1986 5150 Genucio
2004 5099 2029 5151 sl.

343 5145 488 5220 purificent
508 5160 649 5220 competets
669 5145 746 5202 firme
777 5163 862 5204 entem
894 5152 961 5206 bend
979 5165 1162 5228 consequentis
1214 5161 1292 5214 decis.
1305 5164 1366 5214 tots.
1380 5181 1407 5214 n.
1422 5163 1466 5215 27.
1480 5175 1506 5217 et
1525 5165 1568 5216 22.
1593 5169 1664 5233 cnjus
1687 5169 1779 5225 Simcu
1797 5175 1882 5229 Ulric.
1900 5177 1930 5230 iss
1943 5182 2027 5239 antris.

347 5233 452 5286 deicitur
472 5233 547 5302 inde,
565 5229 824 5300 grstificetionemin
844 5238 1161 5314 eliis,ubinoncepres-
1212 5246 1251 5298 lie.
1264 5265 1287 5299 c.
1303 5247 1441 5312 meminit,
1461 5250 1603 5302 sententies
1622 5250 1687 5305 luit:
1706 5256 1742 5308 utl
1768 5257 1882 5312 slebitori
1911 5265 2030 5332 pluribus

348 5330 376 5367 se
394 5317 527 5370 concessio
546 5327 600 5380 est,
620 5319 765 5388 probibcri.
784 5321 821 5387 (l).
841 5321 928 5390 lnnqe
946 5321 1022 5378 eliter
1040 5328 1114 5380 Jctns
1134 5329 1161 5381 in
1214 5329 1299 5382 mosiis
1317 5331 1377 5382 eliis
1396 5321 1570 5386 creditoribus
1588 5335 1644 5387 suis
1661 5336 1810 5405 gretiliceri
1836 5342 1875 5397 ies
1893 5347 1950 5412 sit,
1968 5369 2029 5422 quo·

348 5399 366 5452 ι,
380 5399 455 5472 iffi
467 5401 548 5454 aare.
568 5402 812 5474 rreb211,cs'reafin.
835 5405 957 5458 inculcet:
977 5408 1063 5462 eurise
1080 5411 1164 5464 homi·
1213 5425 1269 5462 rum
1289 5411 1390 5480 sliquos
1408 5431 1485 5482 supro
1504 5418 1639 5479 recensui:
1660 5421 1705 5472 sesl
1725 5423 1752 5474 in
1771 5441 1831 5479 oesu
1848 5427 1974 5486 sllctsrnsn
1990 5435 2026 5490 le·

347 5497 411 5534 „um
430 5484 573 5538 ,dunum
592 5500 667 5540 ,unu
693 5490 872 5556 quorumdam
884 5489 1095 5560 proripientium
1121 5494 1163 5548 bis
1212 5512 1271 5562 gum
1293 5496 1354 5551 isleo
1373 5494 1592 5567 gretifirntiouent
1612 5503 1764 5573 prohiberi,
1787 5512 1854 5579 qucsl
1886 5516 1963 5570 etism
1981 5519 2027 5573 sle·

348 5563 885 5636 quibuslicereditcsrels’cscsr'neonere
910 5583 999 5626 tomen
1024 5590 1084 5628 sno·
1110 5575 1161 5629 Ex·
1215 5581 1280 5633 bitur
1300 5580 1388 5634 slolusn
1407 5581 1560 5636 contrahere
1577 5584 1712 5654 sistentur,
1729 5591 1792 5644 slum
1811 5592 1859 5646 boc
1883 5600 1962 5652 modo
1979 5603 2026 5654 uni

346 5661 439 5718 presse
456 5645 568 5702 innuens
586 5649 706 5708 homines
720 5655 751 5708 ed
770 5653 967 5728 grrtlbcensluns
998 5674 1095 5730 pronos
1119 5678 1158 5715 es·
1214 5659 1378 5732 grettlicetur
1396 5681 1455 5719 cum
1474 5675 1560 5720 semen
1579 5677 1686 5743 ”millii
1702 5675 1755 5730 ⁸555
1775 5680 1925 5749 tlblhlllll
1943 5694 1970 5740 ⁸⁸
1986 5687 2028 5755 l⁰⁸
