<?xml version="1.0" encoding="UTF-8"?>
<!DOCTYPE html PUBLIC "-//W3C//DTD XHTML 1.0 Transitional//EN"
    "http://www.w3.org/TR/xhtml1/DTD/xhtml1-transitional.dtd">
<html xmlns="http://www.w3.org/1999/xhtml" xml:lang="en" lang="en">
 <head>
  <title>
</title>
<meta http-equiv="Content-Type" content="text/html;charset=utf-8" />
  <meta name='ocr-system' content='tesseract 3.04.00' />
  <meta name='ocr-capabilities' content='ocr_page ocr_carea ocr_par ocr_line ocrx_word'/>
</head>
<body>
  <div class='ocr_page' id='page_1' title='image "./samuelisstrykii07schogoog_0285.png"; bbox 0 0 4450 6220; ppageno 0'>
   <div class='ocr_carea' id='block_1_1' title="bbox 276 428 1846 489">
    <p class='ocr_par' dir='ltr' id='par_1_1' title="bbox 276 428 1846 489">
     <span class='ocr_line' id='line_1_1' title="bbox 276 428 1846 489; baseline 0 -5"><span class='ocrx_word' id='word_1_1' title='bbox 276 429 329 484; x_wconf 81' lang='lat' dir='ltr'><strong>tta</strong></span> <span class='ocrx_word' id='word_1_2' title='bbox 846 429 895 484; x_wconf 83' lang='lat' dir='ltr'><strong>DE</strong></span> <span class='ocrx_word' id='word_1_3' title='bbox 913 428 984 486; x_wconf 79' lang='lat' dir='ltr'><strong>t‘on</strong></span> <span class='ocrx_word' id='word_1_4' title='bbox 1003 429 1274 489; x_wconf 74' lang='lat' dir='ltr'><strong>GRthFICANDO</strong></span> <span class='ocrx_word' id='word_1_5' title='bbox 1793 432 1846 486; x_wconf 75' lang='lat' dir='ltr'><strong>bil</strong></span> 
     </span>
    </p>
   </div>
   <div class='ocr_carea' id='block_1_2' title="bbox 181 523 1898 2726">
    <p class='ocr_par' dir='ltr' id='par_1_2' title="bbox 219 523 1898 2002">
     <span class='ocr_line' id='line_1_2' title="bbox 225 523 1897 626; baseline 0.002 -28"><span class='ocrx_word' id='word_1_6' title='bbox 225 540 317 616; x_wconf 75' lang='lat' dir='ltr'><strong>tur,</strong></span> <span class='ocrx_word' id='word_1_7' title='bbox 347 526 444 626; x_wconf 86' lang='lat' dir='ltr'><strong>quid</strong></span> <span class='ocrx_word' id='word_1_8' title='bbox 476 551 568 626; x_wconf 86' lang='lat' dir='ltr'><strong>opus</strong></span> <span class='ocrx_word' id='word_1_9' title='bbox 604 541 661 600; x_wconf 87' lang='lat' dir='ltr'><strong>est</strong></span> <span class='ocrx_word' id='word_1_10' title='bbox 698 525 840 601; x_wconf 79' lang='lat' dir='ltr'><strong>bantini</strong></span> <span class='ocrx_word' id='word_1_11' title='bbox 874 535 1041 626; x_wconf 82' lang='lat' dir='ltr'><strong>lingna,</strong></span> <span class='ocrx_word' id='word_1_12' title='bbox 1076 529 1109 598; x_wconf 90' lang='lat' dir='ltr'><strong>si</strong></span> <span class='ocrx_word' id='word_1_13' title='bbox 1139 550 1295 600; x_wconf 85' lang='lat' dir='ltr'><strong>oausam</strong></span> <span class='ocrx_word' id='word_1_14' title='bbox 1336 549 1468 598; x_wconf 83' lang='lat' dir='ltr'><strong>manas</strong></span> <span class='ocrx_word' id='word_1_15' title='bbox 1503 529 1587 622; x_wconf 85' lang='lat' dir='ltr'><strong>agit</strong></span> <span class='ocrx_word' id='word_1_16' title='bbox 1620 523 1791 598; x_wconf 78' lang='lat' dir='ltr'><strong>armata?</strong></span> <span class='ocrx_word' id='word_1_17' title='bbox 1823 527 1897 601; x_wconf 88' lang='lat' dir='ltr'><strong>No·</strong></span> 
     </span>
     <span class='ocr_line' id='line_1_3' title="bbox 227 626 1894 726; baseline 0.002 -29"><span class='ocrx_word' id='word_1_18' title='bbox 227 627 445 698; x_wconf 87' lang='lat' dir='ltr'><strong>biscoltum</strong></span> <span class='ocrx_word' id='word_1_19' title='bbox 474 631 587 726; x_wconf 81' lang='lat' dir='ltr'><strong>magis</strong></span> <span class='ocrx_word' id='word_1_20' title='bbox 614 653 929 719; x_wconf 84' lang='lat' dir='ltr'><strong>sevam,sacram</strong></span> <span class='ocrx_word' id='word_1_21' title='bbox 957 629 1075 726; x_wconf 86' lang='lat' dir='ltr'><strong>legum</strong></span> <span class='ocrx_word' id='word_1_22' title='bbox 1127 630 1220 699; x_wconf 89' lang='lat' dir='ltr'><strong>osuit</strong></span> <span class='ocrx_word' id='word_1_23' title='bbox 1248 630 1509 715; x_wconf 87' lang='lat' dir='ltr'><strong>reverentiam,</strong></span> <span class='ocrx_word' id='word_1_24' title='bbox 1538 642 1576 697; x_wconf 90' lang='lat' dir='ltr'><strong>nt</strong></span> <span class='ocrx_word' id='word_1_25' title='bbox 1621 626 1716 696; x_wconf 91' lang='lat' dir='ltr'><strong>nihil</strong></span> <span class='ocrx_word' id='word_1_26' title='bbox 1757 651 1894 722; x_wconf 89' lang='lat' dir='ltr'><strong>manu,</strong></span> 
     </span>
     <span class='ocr_line' id='line_1_4' title="bbox 226 653 1894 828; baseline 0.001 -32"><span class='ocrx_word' id='word_1_27' title='bbox 226 725 317 796; x_wconf 89' lang='lat' dir='ltr'><strong>nihil</strong></span> <span class='ocrx_word' id='word_1_28' title='bbox 344 731 487 826; x_wconf 87' lang='lat' dir='ltr'><strong>proptio</strong></span> <span class='ocrx_word' id='word_1_29' title='bbox 513 743 639 824; x_wconf 84' lang='lat' dir='ltr'><strong>agatur</strong></span> <span class='ocrx_word' id='word_1_30' title='bbox 665 729 842 828; x_wconf 88' lang='lat' dir='ltr'><strong>impulsu;</strong></span> <span class='ocrx_word' id='word_1_31' title='bbox 873 729 1055 828; x_wconf 83' lang='lat' dir='ltr'><strong>simulque</strong></span> <span class='ocrx_word' id='word_1_32' title='bbox 1091 653 1237 817; x_wconf 73' lang='lat' dir='ltr'><strong>docuit,</strong></span> <span class='ocrx_word' id='word_1_33' title='bbox 1262 728 1362 825; x_wconf 85' lang='lat' dir='ltr'><strong>qttod</strong></span> <span class='ocrx_word' id='word_1_34' title='bbox 1396 741 1599 822; x_wconf 84' lang='lat' dir='ltr'><strong>corrrrptus</strong></span> <span class='ocrx_word' id='word_1_35' title='bbox 1633 739 1670 796; x_wconf 87' lang='lat' dir='ltr'><strong>ct</strong></span> <span class='ocrx_word' id='word_1_36' title='bbox 1694 744 1894 824; x_wconf 83' lang='lat' dir='ltr'><strong>corruptor</strong></span> 
     </span>
     <span class='ocr_line' id='line_1_5' title="bbox 224 825 1892 926; baseline 0.002 -28"><span class='ocrx_word' id='word_1_37' title='bbox 224 849 336 920; x_wconf 83' lang='lat' dir='ltr'><strong>aeger</strong></span> <span class='ocrx_word' id='word_1_38' title='bbox 368 850 412 898; x_wconf 86' lang='lat' dir='ltr'><strong>ac</strong></span> <span class='ocrx_word' id='word_1_39' title='bbox 433 827 615 926; x_wconf 81' lang='lat' dir='ltr'><strong>flagrans</strong></span> <span class='ocrx_word' id='word_1_40' title='bbox 642 833 791 900; x_wconf 84' lang='lat' dir='ltr'><strong>animus</strong></span> <span class='ocrx_word' id='word_1_41' title='bbox 824 854 896 900; x_wconf 88' lang='lat' dir='ltr'><strong>non</strong></span> <span class='ocrx_word' id='word_1_42' title='bbox 930 827 1331 902; x_wconf 80' lang='lat' dir='ltr'><strong>levioribnsremediis</strong></span> <span class='ocrx_word' id='word_1_43' title='bbox 1363 825 1651 924; x_wconf 77' lang='lat' dir='ltr'><strong>restringendus</strong></span> <span class='ocrx_word' id='word_1_44' title='bbox 1668 829 1748 914; x_wconf 89' lang='lat' dir='ltr'><strong>sit,</strong></span> <span class='ocrx_word' id='word_1_45' title='bbox 1778 851 1892 926; x_wconf 87' lang='lat' dir='ltr'><strong>qttam</strong></span> 
     </span>
     <span class='ocr_line' id='line_1_6' title="bbox 223 926 1891 1028; baseline 0.002 -32"><span class='ocrx_word' id='word_1_46' title='bbox 223 927 443 1000; x_wconf 77' lang='lat' dir='ltr'><em>libidinibus</em></span> <span class='ocrx_word' id='word_1_47' title='bbox 465 930 645 1002; x_wconf 81' lang='lat' dir='ltr'><strong><em>ardescit.</em></strong></span> <span class='ocrx_word' id='word_1_48' title='bbox 672 927 791 1002; x_wconf 84' lang='lat' dir='ltr'><strong>Tacit.</strong></span> <span class='ocrx_word' id='word_1_49' title='bbox 827 934 853 1002; x_wconf 92' lang='lat' dir='ltr'><strong>l.</strong></span> <span class='ocrx_word' id='word_1_50' title='bbox 890 931 924 1004; x_wconf 84' lang='lat'><strong>3.</strong></span> <span class='ocrx_word' id='word_1_51' title='bbox 960 933 1089 1001; x_wconf 79' lang='lat' dir='ltr'><strong>canat.</strong></span> <span class='ocrx_word' id='word_1_52' title='bbox 1121 929 1283 1000; x_wconf 86' lang='lat' dir='ltr'><strong>Romano</strong></span> <span class='ocrx_word' id='word_1_53' title='bbox 1317 939 1353 1000; x_wconf 91' lang='lat' dir='ltr'><strong>et</strong></span> <span class='ocrx_word' id='word_1_54' title='bbox 1388 930 1607 1026; x_wconf 87' lang='lat' dir='ltr'><strong>nostrojure</strong></span> <span class='ocrx_word' id='word_1_55' title='bbox 1642 926 1790 1021; x_wconf 80' lang='lat' dir='ltr'><strong>vestigia</strong></span> <span class='ocrx_word' id='word_1_56' title='bbox 1808 933 1891 1028; x_wconf 88' lang='lat' dir='ltr'><strong>qui·</strong></span> 
     </span>
     <span class='ocr_line' id='line_1_7' title="bbox 224 1025 1892 1130; baseline 0.004 -32"><span class='ocrx_word' id='word_1_57' title='bbox 224 1025 289 1098; x_wconf 87' lang='lat' dir='ltr'><strong>bos</strong></span> <span class='ocrx_word' id='word_1_58' title='bbox 324 1026 439 1099; x_wconf 89' lang='lat' dir='ltr'><strong>dolori</strong></span> <span class='ocrx_word' id='word_1_59' title='bbox 474 1031 658 1101; x_wconf 89' lang='lat' dir='ltr'><strong>indultum</strong></span> <span class='ocrx_word' id='word_1_60' title='bbox 689 1043 866 1128; x_wconf 79' lang='lat' dir='ltr'>apparent</span> <span class='ocrx_word' id='word_1_61' title='bbox 900 1032 1051 1130; x_wconf 84' lang='lat' dir='ltr'><strong>quidem</strong></span> <span class='ocrx_word' id='word_1_62' title='bbox 1086 1027 1149 1100; x_wconf 88' lang='lat' dir='ltr'><strong>sed</strong></span> <span class='ocrx_word' id='word_1_63' title='bbox 1182 1053 1323 1100; x_wconf 88' lang='lat' dir='ltr'><strong>summa</strong></span> <span class='ocrx_word' id='word_1_64' title='bbox 1369 1039 1566 1124; x_wconf 86' lang='lat' dir='ltr'><strong>temperata</strong></span> <span class='ocrx_word' id='word_1_65' title='bbox 1605 1026 1787 1118; x_wconf 74' lang='lat' dir='ltr'><strong>solertia,</strong></span> <span class='ocrx_word' id='word_1_66' title='bbox 1823 1053 1892 1126; x_wconf 84' lang='lat' dir='ltr'><strong>qna</strong></span> 
     </span>
     <span class='ocr_line' id='line_1_8' title="bbox 219 1126 1895 1228; baseline 0.004 -32"><span class='ocrx_word' id='word_1_67' title='bbox 219 1129 298 1196; x_wconf 83' lang='lat' dir='ltr'><strong>sine</strong></span> <span class='ocrx_word' id='word_1_68' title='bbox 323 1126 570 1200; x_wconf 82' lang='lat' dir='ltr'><strong>inhumanum</strong></span> <span class='ocrx_word' id='word_1_69' title='bbox 604 1129 756 1200; x_wconf 84' lang='lat' dir='ltr'><strong>verbum</strong></span> <span class='ocrx_word' id='word_1_70' title='bbox 790 1134 881 1203; x_wconf 82' lang='lat' dir='ltr'><strong>ticet</strong></span> <span class='ocrx_word' id='word_1_71' title='bbox 907 1156 978 1228; x_wconf 85' lang='lat' dir='ltr'><strong>pro</strong></span> <span class='ocrx_word' id='word_1_72' title='bbox 1005 1131 1112 1219; x_wconf 84' lang='lat' dir='ltr'><strong>justo</strong></span> <span class='ocrx_word' id='word_1_73' title='bbox 1146 1145 1338 1227; x_wconf 86' lang='lat' dir='ltr'><strong>receptum</strong></span> <span class='ocrx_word' id='word_1_74' title='bbox 1375 1132 1469 1200; x_wconf 88' lang='lat' dir='ltr'><strong>ultio</strong></span> <span class='ocrx_word' id='word_1_75' title='bbox 1517 1139 1603 1218; x_wconf 86' lang='lat' dir='ltr'><strong>cst,</strong></span> <span class='ocrx_word' id='word_1_76' title='bbox 1637 1141 1676 1198; x_wconf 88' lang='lat' dir='ltr'><strong>ct</strong></span> <span class='ocrx_word' id='word_1_77' title='bbox 1711 1151 1734 1196; x_wconf 88' lang='lat' dir='ltr'><strong>a</strong></span> <span class='ocrx_word' id='word_1_78' title='bbox 1764 1142 1895 1203; x_wconf 85' lang='lat' dir='ltr'><strong>coatu-</strong></span> 
     </span>
     <span class='ocr_line' id='line_1_9' title="bbox 223 1227 1892 1330; baseline 0.004 -35"><span class='ocrx_word' id='word_1_79' title='bbox 223 1230 335 1296; x_wconf 80' lang='lat' dir='ltr'><strong>aretia</strong></span> <span class='ocrx_word' id='word_1_80' title='bbox 371 1251 442 1298; x_wconf 87' lang='lat' dir='ltr'><strong>non</strong></span> <span class='ocrx_word' id='word_1_81' title='bbox 476 1229 611 1329; x_wconf 74' lang='lat' dir='ltr'><strong>differt</strong></span> <span class='ocrx_word' id='word_1_82' title='bbox 647 1233 721 1299; x_wconf 81' lang='lat' dir='ltr'><strong>rusi</strong></span> <span class='ocrx_word' id='word_1_83' title='bbox 757 1231 898 1304; x_wconf 79' lang='lat' dir='ltr'><em>ordine.</em></span> <span class='ocrx_word' id='word_1_84' title='bbox 935 1230 1008 1301; x_wconf 89' lang='lat' dir='ltr'><strong>Nec</strong></span> <span class='ocrx_word' id='word_1_85' title='bbox 1049 1230 1180 1300; x_wconf 89' lang='lat' dir='ltr'><strong>ultioni</strong></span> <span class='ocrx_word' id='word_1_86' title='bbox 1216 1230 1335 1304; x_wconf 90' lang='lat' dir='ltr'><strong>solnm</strong></span> <span class='ocrx_word' id='word_1_87' title='bbox 1369 1227 1574 1297; x_wconf 79' lang='lat' dir='ltr'><strong>sedetiam</strong></span> <span class='ocrx_word' id='word_1_88' title='bbox 1613 1229 1748 1320; x_wconf 80' lang='lat' dir='ltr'><strong>gratiae</strong></span> <span class='ocrx_word' id='word_1_89' title='bbox 1785 1229 1892 1330; x_wconf 90' lang='lat' dir='ltr'><strong>positi</strong></span> 
     </span>
     <span class='ocr_line' id='line_1_10' title="bbox 224 1325 1895 1429; baseline 0.004 -35"><span class='ocrx_word' id='word_1_90' title='bbox 224 1325 374 1396; x_wconf 79' lang='lat' dir='ltr'><strong>termini</strong></span> <span class='ocrx_word' id='word_1_91' title='bbox 406 1343 489 1398; x_wconf 89' lang='lat' dir='ltr'><strong>sunt</strong></span> <span class='ocrx_word' id='word_1_92' title='bbox 509 1329 519 1418; x_wconf 82' lang='lat'><strong>,&#39;</strong></span> <span class='ocrx_word' id='word_1_93' title='bbox 557 1352 597 1400; x_wconf 91' lang='lat' dir='ltr'><strong>ac</strong></span> <span class='ocrx_word' id='word_1_94' title='bbox 634 1327 743 1427; x_wconf 79' lang='lat' dir='ltr'><strong>judici</strong></span> <span class='ocrx_word' id='word_1_95' title='bbox 780 1354 890 1428; x_wconf 88' lang='lat' dir='ltr'><strong>aeque</strong></span> <span class='ocrx_word' id='word_1_96' title='bbox 919 1357 960 1404; x_wconf 87' lang='lat' dir='ltr'><strong>ac</strong></span> <span class='ocrx_word' id='word_1_97' title='bbox 995 1332 1173 1429; x_wconf 73' lang='lat' dir='ltr'><strong>privatiS,</strong></span> <span class='ocrx_word' id='word_1_98' title='bbox 1208 1353 1277 1427; x_wconf 88' lang='lat' dir='ltr'><strong>qua</strong></span> <span class='ocrx_word' id='word_1_99' title='bbox 1317 1330 1412 1400; x_wconf 85' lang='lat' dir='ltr'><strong>tertii</strong></span> <span class='ocrx_word' id='word_1_100' title='bbox 1451 1329 1507 1427; x_wconf 89' lang='lat' dir='ltr'><strong>jus</strong></span> <span class='ocrx_word' id='word_1_101' title='bbox 1545 1338 1750 1423; x_wconf 88' lang='lat' dir='ltr'><strong>spectatur,</strong></span> <span class='ocrx_word' id='word_1_102' title='bbox 1784 1331 1895 1424; x_wconf 85' lang='lat' dir='ltr'><strong>grati·</strong></span> 
     </span>
     <span class='ocr_line' id='line_1_11' title="bbox 223 1425 1887 1530; baseline 0.004 -36"><span class='ocrx_word' id='word_1_103' title='bbox 223 1425 320 1497; x_wconf 89' lang='lat' dir='ltr'><strong>ficari</strong></span> <span class='ocrx_word' id='word_1_104' title='bbox 356 1430 495 1525; x_wconf 87' lang='lat' dir='ltr'><strong>saepius</strong></span> <span class='ocrx_word' id='word_1_105' title='bbox 525 1430 779 1519; x_wconf 87' lang='lat' dir='ltr'><strong>interdicitor;</strong></span> <span class='ocrx_word' id='word_1_106' title='bbox 811 1432 872 1502; x_wconf 87' lang='lat' dir='ltr'><strong>sed</strong></span> <span class='ocrx_word' id='word_1_107' title='bbox 904 1434 959 1529; x_wconf 77' lang='lat' dir='ltr'><strong>jus</strong></span> <span class='ocrx_word' id='word_1_108' title='bbox 993 1435 1084 1502; x_wconf 89' lang='lat' dir='ltr'><strong>circa</strong></span> <span class='ocrx_word' id='word_1_109' title='bbox 1121 1454 1223 1502; x_wconf 86' lang='lat' dir='ltr'><strong>casus</strong></span> <span class='ocrx_word' id='word_1_110' title='bbox 1271 1426 1447 1530; x_wconf 88' lang='lat' dir='ltr'><strong>ejusmodi</strong></span> <span class='ocrx_word' id='word_1_111' title='bbox 1495 1437 1720 1522; x_wconf 79' lang='lat' dir='ltr'><strong>emergentes</strong></span> <span class='ocrx_word' id='word_1_112' title='bbox 1754 1432 1887 1525; x_wconf 87' lang='lat' dir='ltr'><strong>pauci,</strong></span> 
     </span>
     <span class='ocr_line' id='line_1_12' title="bbox 223 1523 1898 1626; baseline 0.004 -32"><span class='ocrx_word' id='word_1_113' title='bbox 223 1547 294 1620; x_wconf 87' lang='lat' dir='ltr'><strong>qna</strong></span> <span class='ocrx_word' id='word_1_114' title='bbox 324 1523 413 1596; x_wconf 89' lang='lat' dir='ltr'><strong>mihi</strong></span> <span class='ocrx_word' id='word_1_115' title='bbox 441 1541 608 1617; x_wconf 85' lang='lat' dir='ltr'><strong>constat,</strong></span> <span class='ocrx_word' id='word_1_116' title='bbox 644 1531 679 1600; x_wconf 90' lang='lat' dir='ltr'><strong>in</strong></span> <span class='ocrx_word' id='word_1_117' title='bbox 717 1529 928 1602; x_wconf 77' lang='lat' dir='ltr'><strong>methodum</strong></span> <span class='ocrx_word' id='word_1_118' title='bbox 966 1544 1103 1602; x_wconf 84' lang='lat' dir='ltr'><strong>certam</strong></span> <span class='ocrx_word' id='word_1_119' title='bbox 1139 1529 1361 1626; x_wconf 86' lang='lat' dir='ltr'><strong>redegerunt.</strong></span> <span class='ocrx_word' id='word_1_120' title='bbox 1392 1527 1636 1598; x_wconf 75' lang='lat' dir='ltr'><strong>Carmentem</strong></span> <span class='ocrx_word' id='word_1_121' title='bbox 1673 1527 1799 1601; x_wconf 90' lang='lat' dir='ltr'><strong>eadem</strong></span> <span class='ocrx_word' id='word_1_122' title='bbox 1821 1553 1898 1600; x_wconf 88' lang='lat' dir='ltr'><strong>ma·</strong></span> 
     </span>
     <span class='ocr_line' id='line_1_13' title="bbox 224 1623 1895 1726; baseline 0.003 -33"><span class='ocrx_word' id='word_1_123' title='bbox 224 1627 313 1695; x_wconf 84' lang='lat' dir='ltr'><strong>teria</strong></span> <span class='ocrx_word' id='word_1_124' title='bbox 341 1650 404 1696; x_wconf 88' lang='lat' dir='ltr'><strong>usu</strong></span> <span class='ocrx_word' id='word_1_125' title='bbox 434 1625 600 1724; x_wconf 74' lang='lat' dir='ltr'><strong>frequens</strong></span> <span class='ocrx_word' id='word_1_126' title='bbox 624 1633 702 1716; x_wconf 90' lang='lat' dir='ltr'><strong>sit,</strong></span> <span class='ocrx_word' id='word_1_127' title='bbox 737 1645 772 1700; x_wconf 89' lang='lat' dir='ltr'><strong>et</strong></span> <span class='ocrx_word' id='word_1_128' title='bbox 803 1632 939 1725; x_wconf 84' lang='lat' dir='ltr'><strong>justitia</strong></span> <span class='ocrx_word' id='word_1_129' title='bbox 977 1634 1080 1702; x_wconf 89' lang='lat' dir='ltr'><strong>istius</strong></span> <span class='ocrx_word' id='word_1_130' title='bbox 1112 1629 1209 1700; x_wconf 84' lang='lat' dir='ltr'><strong>lratrd</strong></span> <span class='ocrx_word' id='word_1_131' title='bbox 1245 1639 1438 1726; x_wconf 78' lang='lat' dir='ltr'><strong>appareat,</strong></span> <span class='ocrx_word' id='word_1_132' title='bbox 1471 1623 1605 1723; x_wconf 87' lang='lat' dir='ltr'><strong>ubique</strong></span> <span class='ocrx_word' id='word_1_133' title='bbox 1646 1651 1772 1726; x_wconf 83' lang='lat' dir='ltr'><strong>operae</strong></span> <span class='ocrx_word' id='word_1_134' title='bbox 1817 1652 1895 1726; x_wconf 89' lang='lat' dir='ltr'><strong>pre·</strong></span> 
     </span>
     <span class='ocr_line' id='line_1_14' title="bbox 227 1723 1895 1826; baseline 0.004 -33"><span class='ocrx_word' id='word_1_135' title='bbox 227 1726 320 1794; x_wconf 86' lang='lat' dir='ltr'><strong>tium</strong></span> <span class='ocrx_word' id='word_1_136' title='bbox 356 1723 524 1797; x_wconf 87' lang='lat' dir='ltr'><strong>futurum</strong></span> <span class='ocrx_word' id='word_1_137' title='bbox 560 1753 684 1826; x_wconf 90' lang='lat' dir='ltr'><strong>spero,</strong></span> <span class='ocrx_word' id='word_1_138' title='bbox 722 1735 750 1798; x_wconf 90' lang='lat' dir='ltr'><strong>si</strong></span> <span class='ocrx_word' id='word_1_139' title='bbox 783 1731 1037 1826; x_wconf 82' lang='lat' dir='ltr'><strong>disputationis</strong></span> <span class='ocrx_word' id='word_1_140' title='bbox 1077 1729 1152 1800; x_wconf 87' lang='lat' dir='ltr'><strong>vice</strong></span> <span class='ocrx_word' id='word_1_141' title='bbox 1191 1729 1334 1826; x_wconf 88' lang='lat' dir='ltr'><strong>publice</strong></span> <span class='ocrx_word' id='word_1_142' title='bbox 1369 1724 1557 1798; x_wconf 86' lang='lat' dir='ltr'><strong>habendae</strong></span> <span class='ocrx_word' id='word_1_143' title='bbox 1593 1728 1648 1824; x_wconf 89' lang='lat' dir='ltr'><strong>jus</strong></span> <span class='ocrx_word' id='word_1_144' title='bbox 1684 1752 1754 1798; x_wconf 93' lang='lat' dir='ltr'><strong>non</strong></span> <span class='ocrx_word' id='word_1_145' title='bbox 1785 1730 1895 1824; x_wconf 85' lang='lat' dir='ltr'><strong>grati·</strong></span> 
     </span>
     <span class='ocr_line' id='line_1_15' title="bbox 225 1823 1892 1932; baseline 0.005 -41"><span class='ocrx_word' id='word_1_146' title='bbox 225 1823 358 1894; x_wconf 82' lang='lat' dir='ltr'><strong>litandi</strong></span> <span class='ocrx_word' id='word_1_147' title='bbox 393 1849 600 1924; x_wconf 81' lang='lat' dir='ltr'><strong>exposuero.</strong></span> <span class='ocrx_word' id='word_1_148' title='bbox 635 1827 680 1898; x_wconf 89' lang='lat' dir='ltr'><strong>Ni</strong></span> <span class='ocrx_word' id='word_1_149' title='bbox 707 1833 805 1902; x_wconf 90' lang='lat' dir='ltr'><strong>enim</strong></span> <span class='ocrx_word' id='word_1_150' title='bbox 841 1835 919 1932; x_wconf 89' lang='lat' dir='ltr'><strong>jore</strong></span> <span class='ocrx_word' id='word_1_151' title='bbox 953 1855 1115 1902; x_wconf 73' lang='lat' dir='ltr'><strong>miscessa</strong></span> <span class='ocrx_word' id='word_1_152' title='bbox 1150 1829 1364 1927; x_wconf 85' lang='lat' dir='ltr'><strong>gratificatio</strong></span> <span class='ocrx_word' id='word_1_153' title='bbox 1401 1827 1537 1900; x_wconf 88' lang='lat' dir='ltr'><strong>limites</strong></span> <span class='ocrx_word' id='word_1_154' title='bbox 1569 1838 1677 1918; x_wconf 87' lang='lat' dir='ltr'><strong>tenet,</strong></span> <span class='ocrx_word' id='word_1_155' title='bbox 1715 1830 1892 1928; x_wconf 85' lang='lat' dir='ltr'><strong>justitiam</strong></span> 
     </span>
     <span class='ocr_line' id='line_1_16' title="bbox 224 1924 784 2002; baseline 0.013 -8"><span class='ocrx_word' id='word_1_156' title='bbox 224 1924 323 1994; x_wconf 84' lang='lat' dir='ltr'><strong>exuit</strong></span> <span class='ocrx_word' id='word_1_157' title='bbox 349 1936 384 1994; x_wconf 91' lang='lat' dir='ltr'><strong>et</strong></span> <span class='ocrx_word' id='word_1_158' title='bbox 404 1927 556 1998; x_wconf 88' lang='lat' dir='ltr'><strong>iocnr&#39;rit</strong></span> <span class='ocrx_word' id='word_1_159' title='bbox 595 1927 784 2002; x_wconf 90' lang='lat' dir='ltr'><strong>delictum.</strong></span> 
     </span>
    </p>

    <p class='ocr_par' dir='ltr' id='par_1_3' title="bbox 181 2023 1896 2726">
     <span class='ocr_line' id='line_1_17' title="bbox 296 2023 1893 2128; baseline 0.004 -34"><span class='ocrx_word' id='word_1_160' title='bbox 296 2023 413 2120; x_wconf 87' lang='lat' dir='ltr'><strong>Opere</strong></span> <span class='ocrx_word' id='word_1_161' title='bbox 449 2025 515 2100; x_wconf 82' lang='lat' dir='ltr'><strong>ltoc</strong></span> <span class='ocrx_word' id='word_1_162' title='bbox 550 2027 621 2098; x_wconf 87' lang='lat' dir='ltr'><strong>fere</strong></span> <span class='ocrx_word' id='word_1_163' title='bbox 654 2025 819 2101; x_wconf 87' lang='lat' dir='ltr'><strong>absoluto</strong></span> <span class='ocrx_word' id='word_1_164' title='bbox 846 2031 884 2101; x_wconf 91' lang='lat' dir='ltr'><strong>in</strong></span> <span class='ocrx_word' id='word_1_165' title='bbox 921 2029 1214 2102; x_wconf 66' lang='lat' dir='ltr'><strong>dissertationem</strong></span> <span class='ocrx_word' id='word_1_166' title='bbox 1251 2053 1315 2128; x_wconf 90' lang='lat' dir='ltr'><strong>pro</strong></span> <span class='ocrx_word' id='word_1_167' title='bbox 1349 2026 1496 2098; x_wconf 87' lang='lat' dir='ltr'><strong>licentia</strong></span> <span class='ocrx_word' id='word_1_168' title='bbox 1533 2024 1712 2099; x_wconf 84' lang='lat' dir='ltr'><strong>doctorali</strong></span> <span class='ocrx_word' id='word_1_169' title='bbox 1746 2025 1893 2101; x_wconf 86' lang='lat' dir='ltr'><strong>Giessae</strong></span> 
     </span>
     <span class='ocr_line' id='line_1_18' title="bbox 181 2119 1895 2228; baseline 0.005 -37"><span class='ocrx_word' id='word_1_170' title='bbox 181 2171 184 2178; x_wconf 67' lang='grc'><strong><em>»</em></strong></span> <span class='ocrx_word' id='word_1_171' title='bbox 223 2119 386 2194; x_wconf 87' lang='lat' dir='ltr'><strong>habitam</strong></span> <span class='ocrx_word' id='word_1_172' title='bbox 421 2125 466 2196; x_wconf 91' lang='lat' dir='ltr'><strong>dc</strong></span> <span class='ocrx_word' id='word_1_173' title='bbox 497 2129 759 2220; x_wconf 81' lang='lat' dir='ltr'><strong>gratificatione</strong></span> <span class='ocrx_word' id='word_1_174' title='bbox 793 2128 936 2219; x_wconf 87' lang='lat' dir='ltr'><strong>incidi,</strong></span> <span class='ocrx_word' id='word_1_175' title='bbox 970 2154 1096 2202; x_wconf 81' lang='lat' dir='ltr'><strong>vetum</strong></span> <span class='ocrx_word' id='word_1_176' title='bbox 1132 2154 1241 2228; x_wconf 89' lang='lat' dir='ltr'><strong>quam</strong></span> <span class='ocrx_word' id='word_1_177' title='bbox 1278 2126 1368 2199; x_wconf 89' lang='lat' dir='ltr'><strong>mihi</strong></span> <span class='ocrx_word' id='word_1_178' title='bbox 1401 2124 1600 2224; x_wconf 86' lang='lat' dir='ltr'><strong>profuerit,</strong></span> <span class='ocrx_word' id='word_1_179' title='bbox 1631 2151 1763 2224; x_wconf 87' lang='lat' dir='ltr'><strong>aequus</strong></span> <span class='ocrx_word' id='word_1_180' title='bbox 1783 2128 1895 2200; x_wconf 88' lang='lat' dir='ltr'><strong>lector</strong></span> 
     </span>
     <span class='ocr_line' id='line_1_19' title="bbox 227 2225 1895 2328; baseline 0.006 -38"><span class='ocrx_word' id='word_1_181' title='bbox 227 2237 418 2320; x_wconf 85' lang='lat' dir='ltr'><strong>utramque</strong></span> <span class='ocrx_word' id='word_1_182' title='bbox 448 2225 538 2296; x_wconf 87' lang='lat' dir='ltr'><strong>forte</strong></span> <span class='ocrx_word' id='word_1_183' title='bbox 572 2228 776 2316; x_wconf 74' lang='lat' dir='ltr'><strong>conferens,</strong></span> <span class='ocrx_word' id='word_1_184' title='bbox 811 2228 1032 2302; x_wconf 87' lang='lat' dir='ltr'><strong>aestimabit.</strong></span> <span class='ocrx_word' id='word_1_185' title='bbox 1070 2230 1293 2328; x_wconf 81' lang='lat' dir='ltr'><strong>Scriptorum</strong></span> <span class='ocrx_word' id='word_1_186' title='bbox 1329 2230 1444 2326; x_wconf 84' lang='lat' dir='ltr'><strong>ipsam</strong></span> <span class='ocrx_word' id='word_1_187' title='bbox 1483 2225 1583 2296; x_wconf 83' lang='lat' dir='ltr'><strong>trullo</strong></span> <span class='ocrx_word' id='word_1_188' title='bbox 1623 2229 1736 2322; x_wconf 82' lang='lat' dir='ltr'><strong>magis</strong></span> <span class='ocrx_word' id='word_1_189' title='bbox 1769 2229 1895 2300; x_wconf 89' lang='lat' dir='ltr'><strong>inutili</strong></span> 
     </span>
     <span class='ocr_line' id='line_1_20' title="bbox 227 2324 1896 2426; baseline 0.003 -32"><span class='ocrx_word' id='word_1_190' title='bbox 227 2337 287 2394; x_wconf 89' lang='lat' dir='ltr'><strong>ant</strong></span> <span class='ocrx_word' id='word_1_191' title='bbox 322 2324 469 2395; x_wconf 81' lang='lat' dir='ltr'><strong>desueto</strong></span> <span class='ocrx_word' id='word_1_192' title='bbox 504 2327 689 2426; x_wconf 83' lang='lat' dir='ltr'><strong>implebo,</strong></span> <span class='ocrx_word' id='word_1_193' title='bbox 722 2354 832 2426; x_wconf 89' lang='lat' dir='ltr'><strong>quam</strong></span> <span class='ocrx_word' id='word_1_194' title='bbox 869 2328 973 2400; x_wconf 89' lang='lat' dir='ltr'><strong>rebus</strong></span> <span class='ocrx_word' id='word_1_195' title='bbox 999 2355 1089 2426; x_wconf 88' lang='lat' dir='ltr'><strong>qnae</strong></span> <span class='ocrx_word' id='word_1_196' title='bbox 1119 2333 1156 2400; x_wconf 89' lang='lat' dir='ltr'><strong>in</strong></span> <span class='ocrx_word' id='word_1_197' title='bbox 1193 2333 1373 2426; x_wconf 85' lang='lat' dir='ltr'><strong>praesenti</strong></span> <span class='ocrx_word' id='word_1_198' title='bbox 1406 2338 1710 2396; x_wconf 85' lang='lat' dir='ltr'><strong>aevovertuntnr.</strong></span> <span class='ocrx_word' id='word_1_199' title='bbox 1731 2327 1896 2400; x_wconf 82' lang='lat' dir='ltr'><strong>Siaelzis</strong></span> 
     </span>
     <span class='ocr_line' id='line_1_21' title="bbox 225 2425 1894 2526; baseline 0 -32"><span class='ocrx_word' id='word_1_200' title='bbox 225 2426 362 2520; x_wconf 80' lang='lat' dir='ltr'><strong>prrippe</strong></span> <span class='ocrx_word' id='word_1_201' title='bbox 397 2432 577 2497; x_wconf 86' lang='lat' dir='ltr'><strong>tractatio</strong></span> <span class='ocrx_word' id='word_1_202' title='bbox 607 2431 733 2500; x_wconf 87' lang='lat' dir='ltr'><strong>inanis</strong></span> <span class='ocrx_word' id='word_1_203' title='bbox 752 2445 820 2518; x_wconf 85' lang='lat' dir='ltr'><strong>est,</strong></span> <span class='ocrx_word' id='word_1_204' title='bbox 855 2445 892 2500; x_wconf 88' lang='lat' dir='ltr'><strong>et</strong></span> <span class='ocrx_word' id='word_1_205' title='bbox 926 2433 1068 2502; x_wconf 85' lang='lat' dir='ltr'><strong>solidae</strong></span> <span class='ocrx_word' id='word_1_206' title='bbox 1093 2430 1307 2504; x_wconf 84' lang='lat' dir='ltr'><strong>industriae</strong></span> <span class='ocrx_word' id='word_1_207' title='bbox 1337 2448 1488 2526; x_wconf 80' lang='lat' dir='ltr'><strong>expers.</strong></span> <span class='ocrx_word' id='word_1_208' title='bbox 1519 2425 1694 2524; x_wconf 87' lang='lat' dir='ltr'><strong>Propositi</strong></span> <span class='ocrx_word' id='word_1_209' title='bbox 1715 2431 1894 2502; x_wconf 84' lang='lat' dir='ltr'><strong>rationem</strong></span> 
     </span>
     <span class='ocr_line' id='line_1_22' title="bbox 224 2523 1895 2626; baseline 0.004 -32"><span class='ocrx_word' id='word_1_210' title='bbox 224 2523 315 2594; x_wconf 89' lang='lat' dir='ltr'><strong>duae</strong></span> <span class='ocrx_word' id='word_1_211' title='bbox 342 2539 462 2621; x_wconf 86' lang='lat' dir='ltr'><strong>partes</strong></span> <span class='ocrx_word' id='word_1_212' title='bbox 480 2525 634 2614; x_wconf 85' lang='lat' dir='ltr'><strong>habent,</strong></span> <span class='ocrx_word' id='word_1_213' title='bbox 651 2553 805 2626; x_wconf 84' lang='lat' dir='ltr'><strong>qnorum</strong></span> <span class='ocrx_word' id='word_1_214' title='bbox 827 2533 942 2626; x_wconf 86' lang='lat' dir='ltr'><strong>prima</strong></span> <span class='ocrx_word' id='word_1_215' title='bbox 959 2581 968 2620; x_wconf 94' lang='lat'><strong>,</strong></span> <span class='ocrx_word' id='word_1_216' title='bbox 988 2555 1056 2626; x_wconf 85' lang='lat' dir='ltr'><strong>qna</strong></span> <span class='ocrx_word' id='word_1_217' title='bbox 1077 2532 1248 2626; x_wconf 89' lang='lat' dir='ltr'><strong>privatis,</strong></span> <span class='ocrx_word' id='word_1_218' title='bbox 1279 2528 1415 2616; x_wconf 87' lang='lat' dir='ltr'><strong>altera,</strong></span> <span class='ocrx_word' id='word_1_219' title='bbox 1434 2551 1502 2624; x_wconf 89' lang='lat' dir='ltr'><strong>qua</strong></span> <span class='ocrx_word' id='word_1_220' title='bbox 1540 2525 1699 2622; x_wconf 85' lang='lat' dir='ltr'><strong>publicis</strong></span> <span class='ocrx_word' id='word_1_221' title='bbox 1733 2531 1895 2624; x_wconf 88' lang='lat' dir='ltr'><strong>personis</strong></span> 
     </span>
     <span class='ocr_line' id='line_1_23' title="bbox 226 2622 1895 2726; baseline 0.005 -35"><span class='ocrx_word' id='word_1_222' title='bbox 226 2622 418 2717; x_wconf 78' lang='lat' dir='ltr'><strong>gratificari</strong></span> <span class='ocrx_word' id='word_1_223' title='bbox 455 2626 551 2696; x_wconf 83' lang='lat' dir='ltr'><strong>ltautl</strong></span> <span class='ocrx_word' id='word_1_224' title='bbox 590 2628 693 2698; x_wconf 88' lang='lat' dir='ltr'><strong>liceat</strong></span> <span class='ocrx_word' id='word_1_225' title='bbox 728 2627 940 2701; x_wconf 86' lang='lat' dir='ltr'><strong>continebit.</strong></span> <span class='ocrx_word' id='word_1_226' title='bbox 971 2633 1053 2700; x_wconf 87' lang='lat' dir='ltr'><strong>Alia</strong></span> <span class='ocrx_word' id='word_1_227' title='bbox 1089 2631 1133 2700; x_wconf 86' lang='lat' dir='ltr'><strong>de</strong></span> <span class='ocrx_word' id='word_1_228' title='bbox 1170 2629 1340 2700; x_wconf 82' lang='lat' dir='ltr'><strong>methodo</strong></span> <span class='ocrx_word' id='word_1_229' title='bbox 1376 2623 1528 2726; x_wconf 87' lang='lat' dir='ltr'><strong>praefari</strong></span> <span class='ocrx_word' id='word_1_230' title='bbox 1564 2625 1895 2718; x_wconf 75' lang='lat' dir='ltr'><strong>frustranestimo,</strong></span> 
     </span>
    </p>
   </div>
   <div class='ocr_carea' id='block_1_3' title="bbox 225 2722 1894 2912">
    <p class='ocr_par' dir='ltr' id='par_1_4' title="bbox 225 2722 1894 2912">
     <span class='ocr_line' id='line_1_24' title="bbox 225 2722 1894 2890; baseline 0.005 -100"><span class='ocrx_word' id='word_1_231' title='bbox 225 2722 452 2890; x_wconf 82' lang='lat' dir='ltr'><strong>apparebunt</strong></span> <span class='ocrx_word' id='word_1_232' title='bbox 476 2727 540 2795; x_wconf 90' lang='lat' dir='ltr'><strong>ista</strong></span> <span class='ocrx_word' id='word_1_233' title='bbox 565 2749 610 2797; x_wconf 86' lang='lat' dir='ltr'><strong>ex</strong></span> <span class='ocrx_word' id='word_1_234' title='bbox 639 2730 814 2830; x_wconf 85' lang='lat' dir='ltr'><strong>cujusque</strong></span> <span class='ocrx_word' id='word_1_235' title='bbox 834 2732 962 2828; x_wconf 88' lang='lat' dir='ltr'><strong>capitis</strong></span> <span class='ocrx_word' id='word_1_236' title='bbox 979 2742 1183 2830; x_wconf 88' lang='lat' dir='ltr'><strong>conspectu.</strong></span> <span class='ocrx_word' id='word_1_237' title='bbox 1219 2731 1411 2801; x_wconf 85' lang='lat' dir='ltr'><strong>Caeterum</strong></span> <span class='ocrx_word' id='word_1_238' title='bbox 1446 2723 1542 2825; x_wconf 89' lang='lat' dir='ltr'><strong>quod</strong></span> <span class='ocrx_word' id='word_1_239' title='bbox 1572 2725 1666 2796; x_wconf 88' lang='lat' dir='ltr'><strong>Deus</strong></span> <span class='ocrx_word' id='word_1_240' title='bbox 1697 2723 1784 2798; x_wconf 86' lang='lat' dir='ltr'><strong>felix</strong></span> <span class='ocrx_word' id='word_1_241' title='bbox 1819 2751 1894 2798; x_wconf 87' lang='lat' dir='ltr'><strong>esse</strong></span> 
     </span>
     <span class='ocr_line' id='line_1_25' title="bbox 226 2831 425 2912; baseline 0 -19"><span class='ocrx_word' id='word_1_242' title='bbox 226 2835 345 2912; x_wconf 85' lang='lat' dir='ltr'><strong>vett,</strong></span> <span class='ocrx_word' id='word_1_243' title='bbox 380 2831 425 2893; x_wconf 84' lang='lat' dir='ltr'><strong>sit</strong></span> 
     </span>
    </p>
   </div>
   <div class='ocr_carea' id='block_1_4' title="bbox 762 3025 1358 3286">
    <p class='ocr_par' dir='ltr' id='par_1_5' title="bbox 762 3025 1358 3286">
     <span class='ocr_line' id='line_1_26' title="bbox 762 3025 1358 3096; baseline 0.003 -4"><span class='ocrx_word' id='word_1_244' title='bbox 762 3025 1033 3096; x_wconf 83' lang='lat' dir='ltr'><strong>PAllTIS</strong></span> <span class='ocrx_word' id='word_1_245' title='bbox 1070 3025 1358 3096; x_wconf 77' lang='lat' dir='ltr'><strong>Pnttttatt</strong></span> 
     </span>
     <span class='ocr_line' id='line_1_27' title="bbox 902 3215 1227 3286; baseline 0 -2"><span class='ocrx_word' id='word_1_246' title='bbox 902 3215 1150 3286; x_wconf 78' lang='lat' dir='ltr'><strong>CAPUT</strong></span> <span class='ocrx_word' id='word_1_247' title='bbox 1199 3217 1227 3284; x_wconf 90' lang='lat' dir='ltr'><strong>t.</strong></span> 
     </span>
    </p>
   </div>
   <div class='ocr_carea' id='block_1_5' title="bbox 287 3385 1819 3574">
    <p class='ocr_par' dir='ltr' id='par_1_6' title="bbox 287 3385 1819 3574">
     <span class='ocr_line' id='line_1_28' title="bbox 287 3385 1819 3482; baseline 0.002 -30"><span class='ocrx_word' id='word_1_248' title='bbox 287 3385 339 3453; x_wconf 90' lang='lat' dir='ltr'><strong>De</strong></span> <span class='ocrx_word' id='word_1_249' title='bbox 354 3385 507 3455; x_wconf 83' lang='lat' dir='ltr'><strong>debitore</strong></span> <span class='ocrx_word' id='word_1_250' title='bbox 521 3391 579 3480; x_wconf 82' lang='lat' dir='ltr'><strong>qni</strong></span> <span class='ocrx_word' id='word_1_251' title='bbox 595 3389 684 3458; x_wconf 84' lang='lat' dir='ltr'><strong>nulli</strong></span> <span class='ocrx_word' id='word_1_252' title='bbox 700 3389 908 3458; x_wconf 76' lang='lat' dir='ltr'><strong>creditorum</strong></span> <span class='ocrx_word' id='word_1_253' title='bbox 931 3417 1072 3459; x_wconf 85' lang='lat' dir='ltr'><strong>snorum</strong></span> <span class='ocrx_word' id='word_1_254' title='bbox 1085 3417 1173 3480; x_wconf 83' lang='lat' dir='ltr'><strong>prae</strong></span> <span class='ocrx_word' id='word_1_255' title='bbox 1188 3391 1329 3482; x_wconf 83' lang='lat' dir='ltr'><strong>reliquis</strong></span> <span class='ocrx_word' id='word_1_256' title='bbox 1341 3391 1421 3457; x_wconf 87' lang='lat' dir='ltr'><strong>licet</strong></span> <span class='ocrx_word' id='word_1_257' title='bbox 1435 3387 1524 3456; x_wconf 86' lang='lat' dir='ltr'><strong>bona</strong></span> <span class='ocrx_word' id='word_1_258' title='bbox 1538 3391 1648 3480; x_wconf 83' lang='lat' dir='ltr'><strong>ipsias</strong></span> <span class='ocrx_word' id='word_1_259' title='bbox 1658 3411 1819 3478; x_wconf 86' lang='lat' dir='ltr'><strong>porsessa</strong></span> 
     </span>
     <span class='ocr_line' id='line_1_29' title="bbox 783 3481 1334 3574; baseline -0.007 -26"><span class='ocrx_word' id='word_1_260' title='bbox 783 3481 932 3548; x_wconf 83' lang='lat' dir='ltr'><strong>nondum</strong></span> <span class='ocrx_word' id='word_1_261' title='bbox 947 3487 1016 3550; x_wconf 86' lang='lat' dir='ltr'><strong>sint</strong></span> <span class='ocrx_word' id='word_1_262' title='bbox 1031 3482 1221 3574; x_wconf 65' lang='lat' dir='ltr'><strong>gratpicnri</strong></span> <span class='ocrx_word' id='word_1_263' title='bbox 1235 3483 1334 3550; x_wconf 80' lang='lat' dir='ltr'><strong>volet.</strong></span> 
     </span>
    </p>
   </div>
   <div class='ocr_carea' id='block_1_6' title="bbox 211 3667 1906 5732">
    <p class='ocr_par' dir='ltr' id='par_1_7' title="bbox 211 3667 1906 5732">
     <span class='ocr_line' id='line_1_30' title="bbox 408 3667 1904 3744; baseline 0.002 -20"><span class='ocrx_word' id='word_1_264' title='bbox 408 3669 433 3724; x_wconf 75' lang='lat' dir='ltr'><strong>(l</strong></span> <span class='ocrx_word' id='word_1_265' title='bbox 453 3671 477 3723; x_wconf 89' lang='grc'><em>0</em></span> <span class='ocrx_word' id='word_1_266' title='bbox 497 3669 526 3722; x_wconf 83' lang='grc' dir='ltr'><em>Ν</em></span> <span class='ocrx_word' id='word_1_267' title='bbox 542 3667 561 3721; x_wconf 69' lang='lat' dir='ltr'><strong>ti</strong></span> <span class='ocrx_word' id='word_1_268' title='bbox 581 3671 607 3722; x_wconf 79' lang='lat' dir='ltr'><em>P</em></span> <span class='ocrx_word' id='word_1_269' title='bbox 624 3671 694 3726; x_wconf 81' lang='lat' dir='ltr'><strong>EC</strong></span> <span class='ocrx_word' id='word_1_270' title='bbox 717 3673 740 3725; x_wconf 82' lang='lat' dir='ltr'><em>T</em></span> <span class='ocrx_word' id='word_1_271' title='bbox 760 3676 789 3728; x_wconf 82' lang='lat' dir='ltr'><strong>ll</strong></span> <span class='ocrx_word' id='word_1_272' title='bbox 803 3675 831 3726; x_wconf 81' lang='lat' dir='ltr'><strong>S.</strong></span> <span class='ocrx_word' id='word_1_273' title='bbox 1084 3689 1135 3726; x_wconf 89' lang='lat' dir='ltr'><strong>non</strong></span> <span class='ocrx_word' id='word_1_274' title='bbox 1156 3683 1243 3736; x_wconf 86' lang='lat' dir='ltr'><strong>tenta,</strong></span> <span class='ocrx_word' id='word_1_275' title='bbox 1263 3681 1289 3726; x_wconf 91' lang='lat' dir='ltr'><strong>ot</strong></span> <span class='ocrx_word' id='word_1_276' title='bbox 1306 3686 1460 3740; x_wconf 81' lang='lat' dir='ltr'><strong>quemquem</strong></span> <span class='ocrx_word' id='word_1_277' title='bbox 1481 3669 1513 3720; x_wconf 88' lang='lat' dir='ltr'><strong>de</strong></span> <span class='ocrx_word' id='word_1_278' title='bbox 1533 3668 1610 3723; x_wconf 86' lang='lat' dir='ltr'><strong>rebus</strong></span> <span class='ocrx_word' id='word_1_279' title='bbox 1629 3669 1744 3741; x_wconf 83' lang='lat' dir='ltr'><strong>propriis</strong></span> <span class='ocrx_word' id='word_1_280' title='bbox 1762 3669 1904 3744; x_wconf 82' lang='lat' dir='ltr'><strong>disponere</strong></span> 
     </span>
     <span class='ocr_line' id='line_1_31' title="bbox 211 3746 1904 3828; baseline 0.004 -28"><span class='ocrx_word' id='word_1_281' title='bbox 211 3746 249 3814; x_wconf 79' lang='lat' dir='ltr'><strong>(a)</strong></span> <span class='ocrx_word' id='word_1_282' title='bbox 271 3753 347 3818; x_wconf 72' lang='lat' dir='ltr'><strong>Quare</strong></span> <span class='ocrx_word' id='word_1_283' title='bbox 364 3752 436 3804; x_wconf 86' lang='lat' dir='ltr'><strong>ratio</strong></span> <span class='ocrx_word' id='word_1_284' title='bbox 456 3763 593 3805; x_wconf 84' lang='lat' dir='ltr'><strong>orreterem</strong></span> <span class='ocrx_word' id='word_1_285' title='bbox 613 3757 741 3816; x_wconf 79' lang='lat' dir='ltr'><strong>moverit,</strong></span> <span class='ocrx_word' id='word_1_286' title='bbox 761 3757 794 3808; x_wconf 84' lang='lat' dir='ltr'><strong>de</strong></span> <span class='ocrx_word' id='word_1_287' title='bbox 811 3755 933 3810; x_wconf 83' lang='lat' dir='ltr'><strong>debitore</strong></span> <span class='ocrx_word' id='word_1_288' title='bbox 946 3757 1033 3827; x_wconf 75' lang='lat' dir='ltr'><strong>grati·</strong></span> <span class='ocrx_word' id='word_1_289' title='bbox 1083 3775 1135 3810; x_wconf 91' lang='lat' dir='ltr'><strong>non</strong></span> <span class='ocrx_word' id='word_1_290' title='bbox 1156 3775 1232 3828; x_wconf 86' lang='lat' dir='ltr'><strong>posse</strong></span> <span class='ocrx_word' id='word_1_291' title='bbox 1252 3767 1413 3826; x_wconf 81' lang='lat' dir='ltr'><strong>praesumat:</strong></span> <span class='ocrx_word' id='word_1_292' title='bbox 1433 3753 1547 3806; x_wconf 82' lang='lat' dir='ltr'><strong>debitori</strong></span> <span class='ocrx_word' id='word_1_293' title='bbox 1568 3763 1653 3807; x_wconf 83' lang='lat' dir='ltr'><strong>tumen</strong></span> <span class='ocrx_word' id='word_1_294' title='bbox 1679 3755 1780 3807; x_wconf 83' lang='lat' dir='ltr'><strong>duobos</strong></span> <span class='ocrx_word' id='word_1_295' title='bbox 1806 3758 1904 3810; x_wconf 82' lang='lat' dir='ltr'><strong>instan-</strong></span> 
     </span>
     <span class='ocr_line' id='line_1_32' title="bbox 238 3832 1901 3910; baseline 0.004 -25"><span class='ocrx_word' id='word_1_296' title='bbox 238 3832 330 3900; x_wconf 80' lang='lat' dir='ltr'><strong>flccri</strong></span> <span class='ocrx_word' id='word_1_297' title='bbox 358 3834 491 3905; x_wconf 84' lang='lat' dir='ltr'><strong>proltt&#39;lito</strong></span> <span class='ocrx_word' id='word_1_298' title='bbox 518 3835 605 3904; x_wconf 82' lang='lat' dir='ltr'><strong>primo</strong></span> <span class='ocrx_word' id='word_1_299' title='bbox 624 3855 713 3907; x_wconf 75' lang='lat' dir='ltr'><strong>agere.</strong></span> <span class='ocrx_word' id='word_1_300' title='bbox 731 3836 773 3908; x_wconf 86' lang='lat' dir='ltr'><strong>(h)</strong></span> <span class='ocrx_word' id='word_1_301' title='bbox 795 3842 944 3910; x_wconf 73' lang='lat' dir='ltr'><strong>Unicuique</strong></span> <span class='ocrx_word' id='word_1_302' title='bbox 974 3841 1033 3894; x_wconf 80' lang='lat' dir='ltr'><strong>roci</strong></span> <span class='ocrx_word' id='word_1_303' title='bbox 1083 3840 1153 3892; x_wconf 84' lang='lat' dir='ltr'><strong>tibus</strong></span> <span class='ocrx_word' id='word_1_304' title='bbox 1172 3840 1345 3893; x_wconf 83' lang='lat' dir='ltr'><strong>creditoribus</strong></span> <span class='ocrx_word' id='word_1_305' title='bbox 1363 3835 1538 3908; x_wconf 82' lang='lat' dir='ltr'><strong>gratificatum</strong></span> <span class='ocrx_word' id='word_1_306' title='bbox 1556 3837 1814 3904; x_wconf 87' lang='lat' dir='ltr'><strong>interdicitur,licet</strong></span> <span class='ocrx_word' id='word_1_307' title='bbox 1834 3842 1901 3894; x_wconf 82' lang='lat' dir='ltr'><strong>bons</strong></span> 
     </span>
     <span class='ocr_line' id='line_1_33' title="bbox 247 3917 1902 3996; baseline 0.002 -27"><span class='ocrx_word' id='word_1_308' title='bbox 247 3917 328 3982; x_wconf 78' lang='lat' dir='ltr'><strong>aienti</strong></span> <span class='ocrx_word' id='word_1_309' title='bbox 345 3918 436 3970; x_wconf 80' lang='lat' dir='ltr'><strong>natira</strong></span> <span class='ocrx_word' id='word_1_310' title='bbox 455 3935 510 3970; x_wconf 84' lang='lat' dir='ltr'><strong>ann</strong></span> <span class='ocrx_word' id='word_1_311' title='bbox 528 3921 615 3974; x_wconf 87' lang='lat' dir='ltr'><strong>altera</strong></span> <span class='ocrx_word' id='word_1_312' title='bbox 634 3923 770 3975; x_wconf 83' lang='lat' dir='ltr'><strong>translata</strong></span> <span class='ocrx_word' id='word_1_313' title='bbox 789 3939 845 3976; x_wconf 84' lang='lat' dir='ltr'><strong>esta</strong></span> <span class='ocrx_word' id='word_1_314' title='bbox 861 3925 930 3976; x_wconf 86' lang='lat' dir='ltr'><strong>salet</strong></span> <span class='ocrx_word' id='word_1_315' title='bbox 951 3925 1034 3995; x_wconf 80' lang='lat' dir='ltr'><strong>tigni·</strong></span> <span class='ocrx_word' id='word_1_316' title='bbox 1082 3926 1165 3996; x_wconf 86' lang='lat' dir='ltr'><strong>ipsius</strong></span> <span class='ocrx_word' id='word_1_317' title='bbox 1184 3945 1198 3976; x_wconf 90' lang='lat' dir='ltr'><strong>a</strong></span> <span class='ocrx_word' id='word_1_318' title='bbox 1218 3924 1324 3978; x_wconf 86' lang='lat' dir='ltr'><strong>nemine</strong></span> <span class='ocrx_word' id='word_1_319' title='bbox 1341 3924 1395 3976; x_wconf 84' lang='lat' dir='ltr'><strong>alio</strong></span> <span class='ocrx_word' id='word_1_320' title='bbox 1414 3921 1607 3992; x_wconf 77' lang='lat' dir='ltr'><strong>possideantur.</strong></span> <span class='ocrx_word' id='word_1_321' title='bbox 1626 3921 1693 3972; x_wconf 86' lang='lat' dir='ltr'><strong>lade</strong></span> <span class='ocrx_word' id='word_1_322' title='bbox 1711 3937 1770 3973; x_wconf 85' lang='lat' dir='ltr'><strong>eom</strong></span> <span class='ocrx_word' id='word_1_323' title='bbox 1798 3921 1831 3976; x_wconf 86' lang='lat' dir='ltr'><strong>de</strong></span> <span class='ocrx_word' id='word_1_324' title='bbox 1849 3942 1902 3977; x_wconf 87' lang='lat' dir='ltr'><strong>non</strong></span> 
     </span>
     <span class='ocr_line' id='line_1_34' title="bbox 236 3999 1905 4077; baseline -0.001 -14"><span class='ocrx_word' id='word_1_325' title='bbox 236 4001 356 4071; x_wconf 82' lang='lat' dir='ltr'><strong>ficatio,</strong></span> <span class='ocrx_word' id='word_1_326' title='bbox 376 4005 412 4057; x_wconf 76' lang='lat' dir='ltr'><strong>itt</strong></span> <span class='ocrx_word' id='word_1_327' title='bbox 432 3999 1031 4076; x_wconf 68' lang='lat' dir='ltr'><strong>titgrctificctioccitit.etqrracaumtaaa</strong></span> <span class='ocrx_word' id='word_1_328' title='bbox 1081 4007 1256 4076; x_wconf 75' lang='lat' dir='ltr'><strong>gratificando</strong></span> <span class='ocrx_word' id='word_1_329' title='bbox 1275 4006 1341 4060; x_wconf 87' lang='lat' dir='ltr'><strong>mihi</strong></span> <span class='ocrx_word' id='word_1_330' title='bbox 1359 4007 1505 4077; x_wconf 79' lang='lat' dir='ltr'><strong>egendotn,</strong></span> <span class='ocrx_word' id='word_1_331' title='bbox 1525 4005 1557 4058; x_wconf 90' lang='lat' dir='ltr'><strong>de</strong></span> <span class='ocrx_word' id='word_1_332' title='bbox 1582 4023 1613 4058; x_wconf 91' lang='lat' dir='ltr'><strong>eo</strong></span> <span class='ocrx_word' id='word_1_333' title='bbox 1643 4007 1760 4074; x_wconf 86' lang='lat' dir='ltr'><strong>primum</strong></span> <span class='ocrx_word' id='word_1_334' title='bbox 1795 4015 1905 4062; x_wconf 85' lang='lat' dir='ltr'><strong>tractare</strong></span> 
     </span>
     <span class='ocr_line' id='line_1_35' title="bbox 248 4085 1905 4162; baseline 0 -24"><span class='ocrx_word' id='word_1_335' title='bbox 248 4089 392 4155; x_wconf 86' lang='lat' dir='ltr'><strong>dt&#39;caatnr,</strong></span> <span class='ocrx_word' id='word_1_336' title='bbox 410 4089 453 4159; x_wconf 85' lang='lat' dir='ltr'><strong>(r)</strong></span> <span class='ocrx_word' id='word_1_337' title='bbox 484 4089 652 4142; x_wconf 82' lang='lat' dir='ltr'><strong>homonimia</strong></span> <span class='ocrx_word' id='word_1_338' title='bbox 681 4091 902 4162; x_wconf 74' lang='lat' dir='ltr'><strong>gratificationis.</strong></span> <span class='ocrx_word' id='word_1_339' title='bbox 933 4093 974 4162; x_wconf 79' lang='lat' dir='ltr'><strong>(d)</strong></span> <span class='ocrx_word' id='word_1_340' title='bbox 998 4099 1030 4148; x_wconf 76' lang='lat' dir='ltr'><strong>la</strong></span> <span class='ocrx_word' id='word_1_341' title='bbox 1082 4091 1227 4154; x_wconf 84' lang='lat' dir='ltr'><strong>cottstitni,</strong></span> <span class='ocrx_word' id='word_1_342' title='bbox 1246 4090 1315 4160; x_wconf 87' lang='lat' dir='ltr'><strong>qaod</strong></span> <span class='ocrx_word' id='word_1_343' title='bbox 1335 4091 1376 4160; x_wconf 85' lang='lat' dir='ltr'><strong>(a)</strong></span> <span class='ocrx_word' id='word_1_344' title='bbox 1395 4092 1462 4160; x_wconf 87' lang='lat' dir='ltr'><strong>leges</strong></span> <span class='ocrx_word' id='word_1_345' title='bbox 1481 4091 1513 4142; x_wconf 90' lang='lat' dir='ltr'><strong>de</strong></span> <span class='ocrx_word' id='word_1_346' title='bbox 1534 4089 1585 4140; x_wconf 84' lang='lat' dir='ltr'><strong>isto</strong></span> <span class='ocrx_word' id='word_1_347' title='bbox 1605 4089 1775 4156; x_wconf 82' lang='lat' dir='ltr'><strong>disponentes</strong></span> <span class='ocrx_word' id='word_1_348' title='bbox 1802 4085 1905 4154; x_wconf 77' lang='lat' dir='ltr'><strong>gratifi-</strong></span> 
     </span>
     <span class='ocr_line' id='line_1_36' title="bbox 250 4171 1906 4248; baseline -0.001 -27"><span class='ocrx_word' id='word_1_349' title='bbox 250 4171 302 4222; x_wconf 86' lang='lat' dir='ltr'><strong>lrec</strong></span> <span class='ocrx_word' id='word_1_350' title='bbox 319 4181 438 4226; x_wconf 82' lang='lat' dir='ltr'><strong>tractatu</strong></span> <span class='ocrx_word' id='word_1_351' title='bbox 455 4172 666 4243; x_wconf 83' lang='lat' dir='ltr'><strong>gratificationis</strong></span> <span class='ocrx_word' id='word_1_352' title='bbox 679 4193 733 4226; x_wconf 74' lang='lat' dir='ltr'><strong>roa</strong></span> <span class='ocrx_word' id='word_1_353' title='bbox 753 4175 838 4244; x_wconf 73' lang='lat' dir='ltr'><strong>mugit</strong></span> <span class='ocrx_word' id='word_1_354' title='bbox 851 4177 962 4246; x_wconf 84' lang='lat' dir='ltr'><strong>proprie</strong></span> <span class='ocrx_word' id='word_1_355' title='bbox 974 4195 1034 4248; x_wconf 81' lang='lat' dir='ltr'><strong>sup·</strong></span> <span class='ocrx_word' id='word_1_356' title='bbox 1082 4174 1193 4226; x_wconf 83' lang='lat' dir='ltr'><strong>cationis</strong></span> <span class='ocrx_word' id='word_1_357' title='bbox 1212 4177 1317 4228; x_wconf 77' lang='lat' dir='ltr'><strong>terbum</strong></span> <span class='ocrx_word' id='word_1_358' title='bbox 1337 4175 1448 4245; x_wconf 86' lang='lat' dir='ltr'><strong>proprie</strong></span> <span class='ocrx_word' id='word_1_359' title='bbox 1466 4174 1548 4240; x_wconf 82' lang='lat' dir='ltr'><strong>magis</strong></span> <span class='ocrx_word' id='word_1_360' title='bbox 1565 4190 1641 4242; x_wconf 77' lang='lat' dir='ltr'><strong>quam</strong></span> <span class='ocrx_word' id='word_1_361' title='bbox 1661 4173 1727 4223; x_wconf 86' lang='lat' dir='ltr'><strong>alibi</strong></span> <span class='ocrx_word' id='word_1_362' title='bbox 1754 4181 1906 4240; x_wconf 82' lang='lat' dir='ltr'><strong>supponunt</strong></span> 
     </span>
     <span class='ocr_line' id='line_1_37' title="bbox 248 4254 1905 4329; baseline -0.003 -21"><span class='ocrx_word' id='word_1_363' title='bbox 248 4255 370 4322; x_wconf 83' lang='lat' dir='ltr'><strong>ponitur.</strong></span> <span class='ocrx_word' id='word_1_364' title='bbox 387 4255 424 4327; x_wconf 89' lang='lat' dir='ltr'><strong>(e)</strong></span> <span class='ocrx_word' id='word_1_365' title='bbox 444 4258 524 4310; x_wconf 78' lang='lat' dir='ltr'><strong>duris</strong></span> <span class='ocrx_word' id='word_1_366' title='bbox 542 4273 598 4310; x_wconf 83' lang='lat' dir='ltr'><strong>aaa</strong></span> <span class='ocrx_word' id='word_1_367' title='bbox 622 4257 798 4326; x_wconf 78' lang='lat' dir='ltr'><strong>gratificandi</strong></span> <span class='ocrx_word' id='word_1_368' title='bbox 821 4259 970 4328; x_wconf 81' lang='lat' dir='ltr'><strong>descriptio.</strong></span> <span class='ocrx_word' id='word_1_369' title='bbox 997 4261 1032 4329; x_wconf 84' lang='lat' dir='ltr'><strong>(i)</strong></span> <span class='ocrx_word' id='word_1_370' title='bbox 1082 4257 1198 4324; x_wconf 79' lang='lat' dir='ltr'><strong>partim,</strong></span> <span class='ocrx_word' id='word_1_371' title='bbox 1217 4258 1313 4327; x_wconf 78' lang='lat' dir='ltr'><strong>partim</strong></span> <span class='ocrx_word' id='word_1_372' title='bbox 1334 4257 1401 4327; x_wconf 81' lang='lat' dir='ltr'><strong>qttod</strong></span> <span class='ocrx_word' id='word_1_373' title='bbox 1421 4258 1449 4308; x_wconf 89' lang='lat' dir='ltr'><strong>in</strong></span> <span class='ocrx_word' id='word_1_374' title='bbox 1469 4255 1597 4322; x_wconf 79' lang='lat' dir='ltr'><strong>singulari</strong></span> <span class='ocrx_word' id='word_1_375' title='bbox 1616 4254 1714 4320; x_wconf 85' lang='lat' dir='ltr'><strong>judicio</strong></span> <span class='ocrx_word' id='word_1_376' title='bbox 1734 4254 1767 4304; x_wconf 87' lang='lat' dir='ltr'><strong>de</strong></span> <span class='ocrx_word' id='word_1_377' title='bbox 1789 4254 1905 4304; x_wconf 84' lang='lat' dir='ltr'><strong>haema·</strong></span> 
     </span>
     <span class='ocr_line' id='line_1_38' title="bbox 250 4333 1906 4410; baseline -0.005 -18"><span class='ocrx_word' id='word_1_378' title='bbox 250 4338 311 4390; x_wconf 81' lang='lat' dir='ltr'><strong>Cur</strong></span> <span class='ocrx_word' id='word_1_379' title='bbox 325 4343 429 4408; x_wconf 77' lang='lat' dir='ltr'><strong>generis</strong></span> <span class='ocrx_word' id='word_1_380' title='bbox 447 4341 534 4394; x_wconf 80' lang='lat' dir='ltr'><strong>lucram</strong></span> <span class='ocrx_word' id='word_1_381' title='bbox 554 4339 594 4392; x_wconf 82' lang='lat' dir='ltr'><strong>ttt</strong></span> <span class='ocrx_word' id='word_1_382' title='bbox 605 4341 729 4404; x_wconf 78' lang='lat' dir='ltr'><strong>fitcaltnr</strong></span> <span class='ocrx_word' id='word_1_383' title='bbox 746 4343 845 4394; x_wconf 76' lang='lat' dir='ltr'><strong>sorbeat.</strong></span> <span class='ocrx_word' id='word_1_384' title='bbox 870 4343 907 4410; x_wconf 76' lang='lat' dir='ltr'><strong>(g)</strong></span> <span class='ocrx_word' id='word_1_385' title='bbox 933 4347 1031 4395; x_wconf 63' lang='lat' dir='ltr'><strong>Remo.</strong></span> <span class='ocrx_word' id='word_1_386' title='bbox 1082 4341 1146 4388; x_wconf 86' lang='lat' dir='ltr'><strong>teria</strong></span> <span class='ocrx_word' id='word_1_387' title='bbox 1165 4341 1327 4391; x_wconf 73' lang='lat' dir='ltr'><strong>occirrrentia</strong></span> <span class='ocrx_word' id='word_1_388' title='bbox 1347 4341 1381 4390; x_wconf 87' lang='lat' dir='ltr'><strong>iis</strong></span> <span class='ocrx_word' id='word_1_389' title='bbox 1398 4355 1464 4406; x_wconf 85' lang='lat' dir='ltr'><strong>quae</strong></span> <span class='ocrx_word' id='word_1_390' title='bbox 1482 4337 1617 4389; x_wconf 79' lang='lat' dir='ltr'><strong>occasione</strong></span> <span class='ocrx_word' id='word_1_391' title='bbox 1643 4333 1832 4386; x_wconf 79' lang='lat' dir='ltr'><strong>universalium</strong></span> <span class='ocrx_word' id='word_1_392' title='bbox 1861 4351 1906 4386; x_wconf 75' lang='lat' dir='ltr'><strong>se·</strong></span> 
     </span>
     <span class='ocr_line' id='line_1_39' title="bbox 249 4416 1905 4490; baseline 0 -22"><span class='ocrx_word' id='word_1_393' title='bbox 249 4431 324 4472; x_wconf 84' lang='lat' dir='ltr'><strong>netur</strong></span> <span class='ocrx_word' id='word_1_394' title='bbox 342 4441 359 4474; x_wconf 79' lang='lat' dir='ltr'><strong>a</strong></span> <span class='ocrx_word' id='word_1_395' title='bbox 376 4425 481 4490; x_wconf 63' lang='lat' dir='ltr'><strong>ganan}</strong></span> <span class='ocrx_word' id='word_1_396' title='bbox 499 4423 557 4475; x_wconf 75' lang='lat'><em>1000</em></span> <span class='ocrx_word' id='word_1_397' title='bbox 578 4433 660 4476; x_wconf 61' lang='lat' dir='ltr'><strong>narrar.</strong></span> <span class='ocrx_word' id='word_1_398' title='bbox 679 4425 716 4487; x_wconf 83' lang='lat' dir='ltr'><strong>(h)</strong></span> <span class='ocrx_word' id='word_1_399' title='bbox 728 4423 814 4475; x_wconf 74' lang='lat' dir='ltr'><strong>Sami</strong></span> <span class='ocrx_word' id='word_1_400' title='bbox 831 4425 971 4478; x_wconf 58' lang='lat' dir='ltr'><strong>moraliter</strong></span> <span class='ocrx_word' id='word_1_401' title='bbox 983 4429 1031 4479; x_wconf 66' lang='lat'><strong>120.</strong></span> <span class='ocrx_word' id='word_1_402' title='bbox 1081 4421 1130 4472; x_wconf 85' lang='lat' dir='ltr'><strong>lati</strong></span> <span class='ocrx_word' id='word_1_403' title='bbox 1150 4421 1340 4475; x_wconf 77' lang='lat' dir='ltr'><strong>haereditatum</strong></span> <span class='ocrx_word' id='word_1_404' title='bbox 1367 4421 1538 4488; x_wconf 73' lang='lat' dir='ltr'><strong>restringant,</strong></span> <span class='ocrx_word' id='word_1_405' title='bbox 1570 4416 1733 4470; x_wconf 75' lang='lat' dir='ltr'><strong>commodius</strong></span> <span class='ocrx_word' id='word_1_406' title='bbox 1768 4417 1905 4485; x_wconf 77' lang='lat' dir='ltr'><strong>praemitti</strong></span> 
     </span>
     <span class='ocr_line' id='line_1_40' title="bbox 250 4500 1215 4574; baseline 0.005 -18"><span class='ocrx_word' id='word_1_407' title='bbox 250 4500 352 4556; x_wconf 80' lang='lat' dir='ltr'><strong>mittum</strong></span> <span class='ocrx_word' id='word_1_408' title='bbox 370 4507 484 4574; x_wconf 78' lang='lat' dir='ltr'><strong>pnt&#39;tpae</strong></span> <span class='ocrx_word' id='word_1_409' title='bbox 502 4506 582 4558; x_wconf 88' lang='lat' dir='ltr'><strong>alteri</strong></span> <span class='ocrx_word' id='word_1_410' title='bbox 595 4505 748 4574; x_wconf 79' lang='lat' dir='ltr'><strong>gratificari</strong></span> <span class='ocrx_word' id='word_1_411' title='bbox 764 4517 869 4572; x_wconf 76' lang='lat' dir='ltr'><strong>potest,</strong></span> <span class='ocrx_word' id='word_1_412' title='bbox 895 4507 931 4559; x_wconf 90' lang='lat' dir='ltr'><strong>ita</strong></span> <span class='ocrx_word' id='word_1_413' title='bbox 950 4511 1031 4562; x_wconf 84' lang='lat' dir='ltr'><strong>etiam</strong></span> <span class='ocrx_word' id='word_1_414' title='bbox 1081 4503 1215 4557; x_wconf 76' lang='lat' dir='ltr'><strong>videntur·-</strong></span> 
     </span>
     <span class='ocr_line' id='line_1_41' title="bbox 242 4575 1903 4662; baseline -0.005 -25"><span class='ocrx_word' id='word_1_415' title='bbox 242 4584 371 4658; x_wconf 76' lang='lat' dir='ltr'><strong>juridice.</strong></span> <span class='ocrx_word' id='word_1_416' title='bbox 388 4587 422 4656; x_wconf 85' lang='lat' dir='ltr'><strong>(i)</strong></span> <span class='ocrx_word' id='word_1_417' title='bbox 443 4591 560 4641; x_wconf 83' lang='lat' dir='ltr'><strong>Notatur</strong></span> <span class='ocrx_word' id='word_1_418' title='bbox 589 4589 758 4656; x_wconf 78' lang='lat' dir='ltr'><strong>Tiraqartlas</strong></span> <span class='ocrx_word' id='word_1_419' title='bbox 784 4609 843 4642; x_wconf 87' lang='lat' dir='ltr'><strong>cum</strong></span> <span class='ocrx_word' id='word_1_420' title='bbox 870 4591 952 4653; x_wconf 82' lang='lat' dir='ltr'><strong>aliis,</strong></span> <span class='ocrx_word' id='word_1_421' title='bbox 985 4597 1033 4662; x_wconf 73' lang='lat' dir='ltr'><strong>pat</strong></span> <span class='ocrx_word' id='word_1_422' title='bbox 1117 4591 1138 4647; x_wconf 80' lang='lat'><strong>§·</strong></span> <span class='ocrx_word' id='word_1_423' title='bbox 1159 4587 1184 4637; x_wconf 74' lang='grc'><strong>2.</strong></span> <span class='ocrx_word' id='word_1_424' title='bbox 1202 4585 1242 4638; x_wconf 74' lang='lat' dir='ltr'><strong>Nc</strong></span> <span class='ocrx_word' id='word_1_425' title='bbox 1260 4598 1343 4640; x_wconf 84' lang='lat' dir='ltr'><strong>antem</strong></span> <span class='ocrx_word' id='word_1_426' title='bbox 1370 4600 1475 4640; x_wconf 82' lang='lat' dir='ltr'><strong>sceneos</strong></span> <span class='ocrx_word' id='word_1_427' title='bbox 1500 4599 1606 4645; x_wconf 83' lang='lat' dir='ltr'><strong>rocam,</strong></span> <span class='ocrx_word' id='word_1_428' title='bbox 1633 4597 1722 4634; x_wconf 84' lang='lat' dir='ltr'><strong>rernm</strong></span> <span class='ocrx_word' id='word_1_429' title='bbox 1748 4575 1842 4630; x_wconf 84' lang='lat' dir='ltr'><strong>faciam</strong></span> <span class='ocrx_word' id='word_1_430' title='bbox 1868 4580 1903 4647; x_wconf 81' lang='lat' dir='ltr'><strong>ja·</strong></span> 
     </span>
     <span class='ocr_line' id='line_1_42' title="bbox 247 4661 1904 4743; baseline -0.001 -25"><span class='ocrx_word' id='word_1_431' title='bbox 247 4669 423 4740; x_wconf 75' lang='lat' dir='ltr'><strong>gratificandi</strong></span> <span class='ocrx_word' id='word_1_432' title='bbox 436 4670 479 4738; x_wconf 72' lang='lat' dir='ltr'><strong>jas</strong></span> <span class='ocrx_word' id='word_1_433' title='bbox 497 4672 639 4724; x_wconf 75' lang='lat' dir='ltr'><strong>restrinxit</strong></span> <span class='ocrx_word' id='word_1_434' title='bbox 657 4672 781 4724; x_wconf 75' lang='lat' dir='ltr'><strong>nimiam.</strong></span> <span class='ocrx_word' id='word_1_435' title='bbox 799 4671 850 4743; x_wconf 78' lang='lat' dir='ltr'><strong>(k).</strong></span> <span class='ocrx_word' id='word_1_436' title='bbox 872 4675 952 4742; x_wconf 69' lang='lat' dir='ltr'><strong>Quod</strong></span> <span class='ocrx_word' id='word_1_437' title='bbox 972 4688 1031 4728; x_wconf 50' lang='lat' dir='ltr'><strong>ret.</strong></span> <span class='ocrx_word' id='word_1_438' title='bbox 1081 4679 1196 4728; x_wconf 82' lang='lat' dir='ltr'><strong>ctursm‚</strong></span> <span class='ocrx_word' id='word_1_439' title='bbox 1218 4667 1418 4740; x_wconf 80' lang='lat' dir='ltr'><strong>gratificationis</strong></span> <span class='ocrx_word' id='word_1_440' title='bbox 1431 4667 1588 4736; x_wconf 84' lang='lat' dir='ltr'><strong>ambiguitas</strong></span> <span class='ocrx_word' id='word_1_441' title='bbox 1606 4661 1746 4718; x_wconf 77' lang='lat' dir='ltr'><strong>evolvenda</strong></span> <span class='ocrx_word' id='word_1_442' title='bbox 1761 4664 1835 4732; x_wconf 85' lang='lat' dir='ltr'><strong>prins</strong></span> <span class='ocrx_word' id='word_1_443' title='bbox 1852 4669 1904 4716; x_wconf 86' lang='lat' dir='ltr'><strong>est.</strong></span> 
     </span>
     <span class='ocr_line' id='line_1_43' title="bbox 249 4747 1903 4828; baseline -0.002 -25"><span class='ocrx_word' id='word_1_444' title='bbox 249 4763 293 4804; x_wconf 83' lang='lat' dir='ltr'><strong>tus</strong></span> <span class='ocrx_word' id='word_1_445' title='bbox 310 4751 420 4821; x_wconf 84' lang='lat' dir='ltr'><strong>qnidam</strong></span> <span class='ocrx_word' id='word_1_446' title='bbox 437 4753 507 4820; x_wconf 78' lang='lat' dir='ltr'><strong>juris</strong></span> <span class='ocrx_word' id='word_1_447' title='bbox 524 4753 633 4806; x_wconf 84' lang='lat' dir='ltr'><strong>roraani</strong></span> <span class='ocrx_word' id='word_1_448' title='bbox 655 4755 855 4825; x_wconf 80' lang='lat' dir='ltr'><strong>gratificatioai</strong></span> <span class='ocrx_word' id='word_1_449' title='bbox 877 4759 1032 4828; x_wconf 72' lang='lat' dir='ltr'><strong>indulgeant</strong></span> <span class='ocrx_word' id='word_1_450' title='bbox 1082 4753 1162 4807; x_wconf 86' lang='lat' dir='ltr'><strong>Sicuti</strong></span> <span class='ocrx_word' id='word_1_451' title='bbox 1182 4771 1243 4808; x_wconf 82' lang='lat' dir='ltr'><strong>sero</strong></span> <span class='ocrx_word' id='word_1_452' title='bbox 1262 4755 1303 4827; x_wconf 85' lang='lat' dir='ltr'><strong>(i)</strong></span> <span class='ocrx_word' id='word_1_453' title='bbox 1321 4755 1412 4826; x_wconf 77' lang='lat' dir='ltr'><strong>titique</strong></span> <span class='ocrx_word' id='word_1_454' title='bbox 1432 4755 1491 4808; x_wconf 82' lang='lat' dir='ltr'><strong>roci</strong></span> <span class='ocrx_word' id='word_1_455' title='bbox 1510 4751 1596 4805; x_wconf 80' lang='lat' dir='ltr'><strong>natira</strong></span> <span class='ocrx_word' id='word_1_456' title='bbox 1615 4767 1666 4803; x_wconf 87' lang='lat' dir='ltr'><strong>nna</strong></span> <span class='ocrx_word' id='word_1_457' title='bbox 1678 4759 1703 4802; x_wconf 89' lang='lat' dir='ltr'><strong>et</strong></span> <span class='ocrx_word' id='word_1_458' title='bbox 1721 4747 1840 4819; x_wconf 86' lang='lat' dir='ltr'><strong>proprie,</strong></span> <span class='ocrx_word' id='word_1_459' title='bbox 1852 4749 1903 4800; x_wconf 78' lang='lat' dir='ltr'><strong>lal-</strong></span> 
     </span>
     <span class='ocr_line' id='line_1_44' title="bbox 248 4831 1902 4910; baseline -0.002 -22"><span class='ocrx_word' id='word_1_460' title='bbox 248 4851 386 4902; x_wconf 76' lang='lat' dir='ltr'><strong>eapresse.</strong></span> <span class='ocrx_word' id='word_1_461' title='bbox 407 4839 753 4891; x_wconf 84' lang='lat' dir='ltr'><strong>sententiacurtetoriraoa</strong></span> <span class='ocrx_word' id='word_1_462' title='bbox 773 4841 854 4893; x_wconf 82' lang='lat' dir='ltr'><strong>obest.</strong></span> <span class='ocrx_word' id='word_1_463' title='bbox 872 4840 905 4910; x_wconf 88' lang='grc' dir='ltr'><strong>(Ι)</strong></span> <span class='ocrx_word' id='word_1_464' title='bbox 924 4843 1031 4898; x_wconf 76' lang='lat' dir='ltr'><strong>Proba.</strong></span> <span class='ocrx_word' id='word_1_465' title='bbox 1081 4845 1134 4889; x_wconf 85' lang='lat' dir='ltr'><strong>tera</strong></span> <span class='ocrx_word' id='word_1_466' title='bbox 1155 4840 1276 4892; x_wconf 81' lang='lat' dir='ltr'><strong>translata</strong></span> <span class='ocrx_word' id='word_1_467' title='bbox 1294 4850 1322 4892; x_wconf 87' lang='lat' dir='ltr'><strong>et</strong></span> <span class='ocrx_word' id='word_1_468' title='bbox 1341 4838 1487 4908; x_wconf 85' lang='lat' dir='ltr'><strong>impropria</strong></span> <span class='ocrx_word' id='word_1_469' title='bbox 1506 4831 1668 4904; x_wconf 74' lang='lat' dir='ltr'><strong>significatio</strong></span> <span class='ocrx_word' id='word_1_470' title='bbox 1696 4845 1756 4897; x_wconf 82' lang='lat' dir='ltr'><strong>est,</strong></span> <span class='ocrx_word' id='word_1_471' title='bbox 1784 4832 1902 4901; x_wconf 75' lang='lat' dir='ltr'><strong>Scaliger</strong></span> 
     </span>
     <span class='ocr_line' id='line_1_45' title="bbox 248 4915 1901 4991; baseline -0.001 -21"><span class='ocrx_word' id='word_1_472' title='bbox 248 4933 293 4972; x_wconf 86' lang='lat' dir='ltr'><strong>tur·</strong></span> <span class='ocrx_word' id='word_1_473' title='bbox 310 4923 431 4974; x_wconf 82' lang='lat' dir='ltr'><strong>auctoris</strong></span> <span class='ocrx_word' id='word_1_474' title='bbox 448 4923 582 4974; x_wconf 80' lang='lat' dir='ltr'><strong>sententia</strong></span> <span class='ocrx_word' id='word_1_475' title='bbox 601 4939 636 4974; x_wconf 80' lang='lat' dir='ltr'><strong>ra·</strong></span> <span class='ocrx_word' id='word_1_476' title='bbox 655 4921 803 4975; x_wconf 85' lang='lat' dir='ltr'><strong>collatione</strong></span> <span class='ocrx_word' id='word_1_477' title='bbox 822 4923 939 4978; x_wconf 86' lang='lat' dir='ltr'><strong>aliorum</strong></span> <span class='ocrx_word' id='word_1_478' title='bbox 970 4936 1029 4980; x_wconf 74' lang='lat' dir='ltr'><strong>tee-</strong></span> <span class='ocrx_word' id='word_1_479' title='bbox 1079 4917 1125 4974; x_wconf 77' lang='lat' dir='ltr'><strong>lt&#39;b·</strong></span> <span class='ocrx_word' id='word_1_480' title='bbox 1141 4923 1184 4974; x_wconf 79' lang='lat' dir='ltr'><strong>lb.</strong></span> <span class='ocrx_word' id='word_1_481' title='bbox 1197 4923 1229 4975; x_wconf 89' lang='lat' dir='ltr'><strong>de</strong></span> <span class='ocrx_word' id='word_1_482' title='bbox 1242 4923 1334 4978; x_wconf 80' lang='lat' dir='ltr'><strong>cauria</strong></span> <span class='ocrx_word' id='word_1_483' title='bbox 1346 4923 1392 4977; x_wconf 87' lang='lat' dir='ltr'><strong>iat.</strong></span> <span class='ocrx_word' id='word_1_484' title='bbox 1404 4923 1470 4991; x_wconf 72' lang='lat' dir='ltr'><strong>ling.</strong></span> <span class='ocrx_word' id='word_1_485' title='bbox 1483 4939 1505 4974; x_wconf 85' lang='lat' dir='ltr'><strong>c.</strong></span> <span class='ocrx_word' id='word_1_486' title='bbox 1518 4915 1635 4987; x_wconf 74' lang='lat' dir='ltr'><strong>altstete</strong></span> <span class='ocrx_word' id='word_1_487' title='bbox 1648 4919 1678 4970; x_wconf 86' lang='lat' dir='ltr'><strong>t&#39;n</strong></span> <span class='ocrx_word' id='word_1_488' title='bbox 1692 4917 1753 4972; x_wconf 88' lang='lat' dir='ltr'><strong>init.</strong></span> <span class='ocrx_word' id='word_1_489' title='bbox 1768 4917 1805 4968; x_wconf 87' lang='lat' dir='ltr'><strong>ita</strong></span> <span class='ocrx_word' id='word_1_490' title='bbox 1820 4917 1901 4970; x_wconf 83' lang='lat' dir='ltr'><strong>etiarn</strong></span> 
     </span>
     <span class='ocr_line' id='line_1_46' title="bbox 247 4995 1899 5076; baseline 0.001 -22"><span class='ocrx_word' id='word_1_491' title='bbox 247 5013 331 5056; x_wconf 87' lang='lat' dir='ltr'><strong>tuum.</strong></span> <span class='ocrx_word' id='word_1_492' title='bbox 349 5003 400 5071; x_wconf 77' lang='lat' dir='ltr'><strong>(tn)</strong></span> <span class='ocrx_word' id='word_1_493' title='bbox 417 5004 447 5056; x_wconf 87' lang='lat' dir='ltr'><strong>Si</strong></span> <span class='ocrx_word' id='word_1_494' title='bbox 465 5007 652 5057; x_wconf 86' lang='lat' dir='ltr'><strong>llartraarartus</strong></span> <span class='ocrx_word' id='word_1_495' title='bbox 672 5003 787 5058; x_wconf 82' lang='lat' dir='ltr'><strong>Pistoris</strong></span> <span class='ocrx_word' id='word_1_496' title='bbox 804 5006 896 5070; x_wconf 83' lang='lat' dir='ltr'><strong>sensit,</strong></span> <span class='ocrx_word' id='word_1_497' title='bbox 914 5018 970 5060; x_wconf 89' lang='lat' dir='ltr'><strong>tam</strong></span> <span class='ocrx_word' id='word_1_498' title='bbox 984 5009 1029 5062; x_wconf 86' lang='lat' dir='ltr'><strong>de·</strong></span> <span class='ocrx_word' id='word_1_499' title='bbox 1077 4995 1116 5055; x_wconf 73' lang='lat' dir='ltr'><strong>at</strong></span> <span class='ocrx_word' id='word_1_500' title='bbox 1134 5003 1276 5076; x_wconf 78' lang='lat' dir='ltr'><strong>gratificari</strong></span> <span class='ocrx_word' id='word_1_501' title='bbox 1296 5009 1390 5060; x_wconf 82' lang='lat' dir='ltr'><strong>evenit.</strong></span> <span class='ocrx_word' id='word_1_502' title='bbox 1408 5006 1517 5075; x_wconf 82' lang='lat' dir='ltr'><strong>Propria</strong></span> <span class='ocrx_word' id='word_1_503' title='bbox 1536 5015 1561 5056; x_wconf 88' lang='lat' dir='ltr'><strong>ct</strong></span> <span class='ocrx_word' id='word_1_504' title='bbox 1581 5001 1667 5056; x_wconf 77' lang='lat' dir='ltr'><strong>natira</strong></span> <span class='ocrx_word' id='word_1_505' title='bbox 1686 5001 1808 5056; x_wconf 73' lang='lat' dir='ltr'><strong>roctbula</strong></span> <span class='ocrx_word' id='word_1_506' title='bbox 1842 5007 1899 5051; x_wconf 81' lang='lat' dir='ltr'><strong>tum</strong></span> 
     </span>
     <span class='ocr_line' id='line_1_47' title="bbox 248 5079 1899 5156; baseline -0.004 -19"><span class='ocrx_word' id='word_1_507' title='bbox 248 5104 320 5140; x_wconf 84' lang='lat' dir='ltr'><strong>nsunt</strong></span> <span class='ocrx_word' id='word_1_508' title='bbox 338 5089 394 5140; x_wconf 81' lang='lat' dir='ltr'><strong>dici</strong></span> <span class='ocrx_word' id='word_1_509' title='bbox 410 5087 557 5140; x_wconf 78' lang='lat' dir='ltr'><strong>debitorem</strong></span> <span class='ocrx_word' id='word_1_510' title='bbox 574 5085 763 5156; x_wconf 73' lang='lat' dir='ltr'><strong>gratificatum</strong></span> <span class='ocrx_word' id='word_1_511' title='bbox 794 5103 850 5142; x_wconf 86' lang='lat' dir='ltr'><strong>erse</strong></span> <span class='ocrx_word' id='word_1_512' title='bbox 881 5091 1028 5156; x_wconf 85' lang='lat' dir='ltr'><strong>creditori,</strong></span> <span class='ocrx_word' id='word_1_513' title='bbox 1077 5089 1183 5142; x_wconf 82' lang='lat' dir='ltr'><strong>demam</strong></span> <span class='ocrx_word' id='word_1_514' title='bbox 1202 5099 1283 5154; x_wconf 75' lang='lat' dir='ltr'><strong>stant,</strong></span> <span class='ocrx_word' id='word_1_515' title='bbox 1301 5105 1360 5140; x_wconf 86' lang='lat' dir='ltr'><strong>eura</strong></span> <span class='ocrx_word' id='word_1_516' title='bbox 1379 5089 1414 5140; x_wconf 83' lang='lat' dir='ltr'><strong>iia</strong></span> <span class='ocrx_word' id='word_1_517' title='bbox 1433 5087 1511 5140; x_wconf 86' lang='lat' dir='ltr'><strong>rebus</strong></span> <span class='ocrx_word' id='word_1_518' title='bbox 1530 5081 1712 5152; x_wconf 82' lang='lat' dir='ltr'><strong>significandis</strong></span> <span class='ocrx_word' id='word_1_519' title='bbox 1731 5079 1899 5143; x_wconf 85' lang='lat' dir='ltr'><strong>adhibentur,</strong></span> 
     </span>
     <span class='ocr_line' id='line_1_48' title="bbox 249 5167 1899 5244; baseline -0.004 -24"><span class='ocrx_word' id='word_1_520' title='bbox 249 5185 308 5221; x_wconf 89' lang='lat' dir='ltr'><strong>eom</strong></span> <span class='ocrx_word' id='word_1_521' title='bbox 328 5173 380 5222; x_wconf 86' lang='lat' dir='ltr'><strong>uni</strong></span> <span class='ocrx_word' id='word_1_522' title='bbox 396 5187 432 5221; x_wconf 78' lang='lat' dir='ltr'><strong>ea·</strong></span> <span class='ocrx_word' id='word_1_523' title='bbox 458 5171 581 5238; x_wconf 85' lang='lat' dir='ltr'><strong>pluribus</strong></span> <span class='ocrx_word' id='word_1_524' title='bbox 610 5170 772 5224; x_wconf 79' lang='lat' dir='ltr'><strong>instantibus</strong></span> <span class='ocrx_word' id='word_1_525' title='bbox 801 5173 935 5238; x_wconf 84' lang='lat' dir='ltr'><strong>solverit,</strong></span> <span class='ocrx_word' id='word_1_526' title='bbox 960 5191 1028 5228; x_wconf 86' lang='lat' dir='ltr'><strong>vero</strong></span> <span class='ocrx_word' id='word_1_527' title='bbox 1077 5184 1264 5244; x_wconf 85' lang='lat' dir='ltr'><strong>propterqnaa</strong></span> <span class='ocrx_word' id='word_1_528' title='bbox 1283 5181 1346 5224; x_wconf 80' lang='lat' dir='ltr'><strong>sunt</strong></span> <span class='ocrx_word' id='word_1_529' title='bbox 1374 5171 1516 5225; x_wconf 80' lang='lat' dir='ltr'><strong>institute.¹</strong></span> <span class='ocrx_word' id='word_1_530' title='bbox 1536 5167 1670 5221; x_wconf 83' lang='lat' dir='ltr'><strong>Translate</strong></span> <span class='ocrx_word' id='word_1_531' title='bbox 1699 5180 1765 5233; x_wconf 85' lang='lat' dir='ltr'><strong>quse</strong></span> <span class='ocrx_word' id='word_1_532' title='bbox 1789 5171 1899 5232; x_wconf 84' lang='lat' dir='ltr'><strong>propter</strong></span> 
     </span>
     <span class='ocr_line' id='line_1_49' title="bbox 252 5243 1899 5326; baseline 0.001 -24"><span class='ocrx_word' id='word_1_533' title='bbox 252 5250 325 5302; x_wconf 71' lang='lat' dir='ltr'><strong>tacut</strong></span> <span class='ocrx_word' id='word_1_534' title='bbox 341 5252 469 5304; x_wconf 79' lang='lat' dir='ltr'><strong>convenit</strong></span> <span class='ocrx_word' id='word_1_535' title='bbox 487 5251 570 5321; x_wconf 81' lang='lat' dir='ltr'><strong>ipsius</strong></span> <span class='ocrx_word' id='word_1_536' title='bbox 593 5253 695 5324; x_wconf 79' lang='lat' dir='ltr'><strong>opinio.</strong></span> <span class='ocrx_word' id='word_1_537' title='bbox 713 5252 761 5322; x_wconf 87' lang='lat' dir='ltr'><strong>(a).</strong></span> <span class='ocrx_word' id='word_1_538' title='bbox 789 5257 871 5308; x_wconf 74' lang='lat' dir='ltr'><strong>Modo</strong></span> <span class='ocrx_word' id='word_1_539' title='bbox 897 5257 962 5310; x_wconf 88' lang='lat' dir='ltr'><strong>dicti</strong></span> <span class='ocrx_word' id='word_1_540' title='bbox 984 5277 1027 5314; x_wconf 83' lang='lat' dir='ltr'><strong>ar·</strong></span> <span class='ocrx_word' id='word_1_541' title='bbox 1075 5257 1283 5311; x_wconf 75' lang='lat' dir='ltr'><strong>masenieotiens</strong></span> <span class='ocrx_word' id='word_1_542' title='bbox 1301 5255 1415 5326; x_wconf 82' lang='lat' dir='ltr'><strong>aliquam</strong></span> <span class='ocrx_word' id='word_1_543' title='bbox 1435 5253 1469 5308; x_wconf 88' lang='lat' dir='ltr'><strong>ab</strong></span> <span class='ocrx_word' id='word_1_544' title='bbox 1494 5267 1546 5304; x_wconf 86' lang='lat' dir='ltr'><strong>noo</strong></span> <span class='ocrx_word' id='word_1_545' title='bbox 1563 5252 1595 5304; x_wconf 88' lang='lat' dir='ltr'><strong>ed</strong></span> <span class='ocrx_word' id='word_1_546' title='bbox 1628 5245 1700 5300; x_wconf 82' lang='lat' dir='ltr'><strong>aliod</strong></span> <span class='ocrx_word' id='word_1_547' title='bbox 1732 5243 1899 5298; x_wconf 69' lang='lat' dir='ltr'><strong>ntetttiltllt</strong></span> 
     </span>
     <span class='ocr_line' id='line_1_50' title="bbox 246 5325 1898 5411; baseline -0.002 -26"><span class='ocrx_word' id='word_1_548' title='bbox 246 5333 313 5386; x_wconf 84' lang='lat' dir='ltr'><strong>serti</strong></span> <span class='ocrx_word' id='word_1_549' title='bbox 331 5337 459 5389; x_wconf 84' lang='lat' dir='ltr'><strong>rationes.</strong></span> <span class='ocrx_word' id='word_1_550' title='bbox 477 5336 515 5406; x_wconf 83' lang='lat' dir='ltr'><strong>(a)</strong></span> <span class='ocrx_word' id='word_1_551' title='bbox 535 5337 615 5390; x_wconf 83' lang='lat' dir='ltr'><strong>Facti</strong></span> <span class='ocrx_word' id='word_1_552' title='bbox 638 5338 735 5406; x_wconf 84' lang='lat' dir='ltr'><strong>aperiet</strong></span> <span class='ocrx_word' id='word_1_553' title='bbox 757 5342 917 5411; x_wconf 76' lang='lat' dir='ltr'><strong>principales</strong></span> <span class='ocrx_word' id='word_1_554' title='bbox 947 5343 963 5394; x_wconf 91' lang='lat' dir='ltr'><strong>l.</strong></span> <span class='ocrx_word' id='word_1_555' title='bbox 983 5345 1027 5398; x_wconf 65' lang='lat' dir='ltr'><strong>bl.</strong></span> <span class='ocrx_word' id='word_1_556' title='bbox 1075 5345 1116 5396; x_wconf 80' lang='lat' dir='ltr'><strong>sel</strong></span> <span class='ocrx_word' id='word_1_557' title='bbox 1134 5353 1239 5394; x_wconf 82' lang='lat' dir='ltr'><strong>ornatus</strong></span> <span class='ocrx_word' id='word_1_558' title='bbox 1256 5339 1338 5410; x_wconf 85' lang='lat' dir='ltr'><strong>gratia</strong></span> <span class='ocrx_word' id='word_1_559' title='bbox 1357 5335 1566 5391; x_wconf 74' lang='lat' dir='ltr'><strong>transducuntur.</strong></span> <span class='ocrx_word' id='word_1_560' title='bbox 1594 5329 1731 5400; x_wconf 72' lang='lat' dir='ltr'><strong>toguano.</strong></span> <span class='ocrx_word' id='word_1_561' title='bbox 1750 5329 1783 5380; x_wconf 84' lang='lat' dir='ltr'><strong>dc</strong></span> <span class='ocrx_word' id='word_1_562' title='bbox 1811 5325 1898 5378; x_wconf 76' lang='lat' dir='ltr'><strong>doctr·</strong></span> 
     </span>
     <span class='ocr_line' id='line_1_51' title="bbox 247 5409 1899 5494; baseline -0.005 -22"><span class='ocrx_word' id='word_1_563' title='bbox 247 5415 278 5484; x_wconf 70' lang='grc' dir='ltr'><strong>θ.</strong></span> <span class='ocrx_word' id='word_1_564' title='bbox 295 5435 366 5482; x_wconf 79' lang='lat' dir='ltr'><strong>quoe</strong></span> <span class='ocrx_word' id='word_1_565' title='bbox 383 5416 522 5484; x_wconf 78' lang='lat' dir='ltr'><strong>instead.</strong></span> <span class='ocrx_word' id='word_1_566' title='bbox 542 5424 714 5476; x_wconf 83' lang='lat' dir='ltr'><strong>creditorum.</strong></span> <span class='ocrx_word' id='word_1_567' title='bbox 734 5423 776 5494; x_wconf 89' lang='lat' dir='ltr'><strong>(p)</strong></span> <span class='ocrx_word' id='word_1_568' title='bbox 798 5427 884 5481; x_wconf 83' lang='lat' dir='ltr'><strong>Cosas</strong></span> <span class='ocrx_word' id='word_1_569' title='bbox 903 5426 1027 5482; x_wconf 81' lang='lat' dir='ltr'><strong>incidens</strong></span> <span class='ocrx_word' id='word_1_570' title='bbox 1075 5425 1165 5478; x_wconf 83' lang='lat' dir='ltr'><strong>christ.</strong></span> <span class='ocrx_word' id='word_1_571' title='bbox 1176 5443 1198 5478; x_wconf 90' lang='lat' dir='ltr'><strong>e.</strong></span> <span class='ocrx_word' id='word_1_572' title='bbox 1214 5424 1255 5475; x_wconf 89' lang='lat'><strong>1⁰.</strong></span> <span class='ocrx_word' id='word_1_573' title='bbox 1274 5421 1314 5492; x_wconf 88' lang='lat' dir='ltr'><strong>(c)</strong></span> <span class='ocrx_word' id='word_1_574' title='bbox 1333 5424 1392 5474; x_wconf 76' lang='lat' dir='ltr'><strong>Eoo</strong></span> <span class='ocrx_word' id='word_1_575' title='bbox 1410 5419 1487 5474; x_wconf 85' lang='lat' dir='ltr'><strong>modo</strong></span> <span class='ocrx_word' id='word_1_576' title='bbox 1504 5413 1669 5486; x_wconf 82' lang='lat' dir='ltr'><strong>gratificandi</strong></span> <span class='ocrx_word' id='word_1_577' title='bbox 1695 5411 1752 5476; x_wconf 81' lang='lat' dir='ltr'><strong>eis,</strong></span> <span class='ocrx_word' id='word_1_578' title='bbox 1781 5409 1849 5462; x_wconf 85' lang='lat' dir='ltr'><strong>idem</strong></span> <span class='ocrx_word' id='word_1_579' title='bbox 1870 5426 1899 5463; x_wconf 86' lang='lat' dir='ltr'><strong>ae</strong></span> 
     </span>
     <span class='ocr_line' id='line_1_52' title="bbox 246 5491 1895 5580; baseline 0.006 -25"><span class='ocrx_word' id='word_1_580' title='bbox 246 5500 271 5552; x_wconf 80' lang='lat' dir='ltr'><strong>d.</strong></span> <span class='ocrx_word' id='word_1_581' title='bbox 290 5500 309 5551; x_wconf 84' lang='lat'><strong>1.</strong></span> <span class='ocrx_word' id='word_1_582' title='bbox 328 5499 423 5568; x_wconf 68' lang='lat' dir='ltr'><strong>bbff·</strong></span> <span class='ocrx_word' id='word_1_583' title='bbox 443 5519 513 5571; x_wconf 80' lang='lat' dir='ltr'><strong>puae</strong></span> <span class='ocrx_word' id='word_1_584' title='bbox 532 5503 560 5554; x_wconf 87' lang='lat' dir='ltr'><strong>ia</strong></span> <span class='ocrx_word' id='word_1_585' title='bbox 567 5503 670 5573; x_wconf 84' lang='lat' dir='ltr'><strong>fraud.</strong></span> <span class='ocrx_word' id='word_1_586' title='bbox 698 5510 791 5561; x_wconf 83' lang='lat' dir='ltr'><strong>credit.</strong></span> <span class='ocrx_word' id='word_1_587' title='bbox 809 5508 853 5580; x_wconf 84' lang='lat' dir='ltr'><strong>(q)</strong></span> <span class='ocrx_word' id='word_1_588' title='bbox 878 5510 967 5564; x_wconf 81' lang='lat' dir='ltr'><strong>Casus</strong></span> <span class='ocrx_word' id='word_1_589' title='bbox 986 5513 1027 5564; x_wconf 88' lang='lat' dir='ltr'><strong>in-</strong></span> <span class='ocrx_word' id='word_1_590' title='bbox 1076 5509 1183 5576; x_wconf 77' lang='lat' dir='ltr'><strong>gratiam</strong></span> <span class='ocrx_word' id='word_1_591' title='bbox 1204 5508 1289 5560; x_wconf 81' lang='lat' dir='ltr'><strong>iatera</strong></span> <span class='ocrx_word' id='word_1_592' title='bbox 1306 5505 1345 5562; x_wconf 81' lang='lat' dir='ltr'><strong>sel</strong></span> <span class='ocrx_word' id='word_1_593' title='bbox 1363 5504 1448 5558; x_wconf 77' lang='lat' dir='ltr'><strong>faeere</strong></span> <span class='ocrx_word' id='word_1_594' title='bbox 1473 5499 1595 5563; x_wconf 73' lang='lat' dir='ltr'><strong>denotat,</strong></span> <span class='ocrx_word' id='word_1_595' title='bbox 1626 5496 1666 5548; x_wconf 64' lang='lat'><strong>¹¹¹3</strong></span> <span class='ocrx_word' id='word_1_596' title='bbox 1697 5491 1796 5564; x_wconf 57' lang='grc' dir='ltr'><strong>ΡΜἰηι</strong></span> <span class='ocrx_word' id='word_1_597' title='bbox 1826 5491 1895 5561; x_wconf 67' lang='lat'>&#39;9⁸¹¹</span> 
     </span>
     <span class='ocr_line' id='line_1_53' title="bbox 245 5579 1897 5666; baseline -0.007 -26"><span class='ocrx_word' id='word_1_598' title='bbox 245 5584 336 5640; x_wconf 75' lang='lat' dir='ltr'><strong>cadent</strong></span> <span class='ocrx_word' id='word_1_599' title='bbox 355 5587 381 5640; x_wconf 81' lang='lat' dir='ltr'><strong>tl.</strong></span> <span class='ocrx_word' id='word_1_600' title='bbox 400 5588 419 5640; x_wconf 91' lang='lat' dir='ltr'><strong>l.</strong></span> <span class='ocrx_word' id='word_1_601' title='bbox 437 5589 463 5640; x_wconf 86' lang='lat' dir='ltr'><strong>t.</strong></span> <span class='ocrx_word' id='word_1_602' title='bbox 483 5595 505 5650; x_wconf 73' lang='lat' dir='ltr'><strong>t.</strong></span> <span class='ocrx_word' id='word_1_603' title='bbox 523 5589 597 5657; x_wconf 64' lang='lat' dir='ltr'><strong>bffi</strong></span> <span class='ocrx_word' id='word_1_604' title='bbox 616 5591 646 5644; x_wconf 87' lang='lat' dir='ltr'><strong>rlc</strong></span> <span class='ocrx_word' id='word_1_605' title='bbox 664 5594 719 5645; x_wconf 83' lang='lat' dir='ltr'><strong>rel.</strong></span> <span class='ocrx_word' id='word_1_606' title='bbox 737 5604 806 5647; x_wconf 86' lang='lat' dir='ltr'><strong>auct.</strong></span> <span class='ocrx_word' id='word_1_607' title='bbox 819 5595 879 5666; x_wconf 77' lang='lat' dir='ltr'><strong>juri.</strong></span> <span class='ocrx_word' id='word_1_608' title='bbox 898 5596 999 5664; x_wconf 76' lang='lat' dir='ltr'><strong>porsiri.</strong></span> <span class='ocrx_word' id='word_1_609' title='bbox 1076 5591 1228 5645; x_wconf 82' lang='lat' dir='ltr'><strong>Ciceronem</strong></span> <span class='ocrx_word' id='word_1_610' title='bbox 1247 5601 1273 5644; x_wconf 89' lang='lat' dir='ltr'><strong>et</strong></span> <span class='ocrx_word' id='word_1_611' title='bbox 1289 5590 1355 5642; x_wconf 85' lang='lat' dir='ltr'><strong>alios</strong></span> <span class='ocrx_word' id='word_1_612' title='bbox 1372 5588 1496 5658; x_wconf 82' lang='lat' dir='ltr'><strong>probatae</strong></span> <span class='ocrx_word' id='word_1_613' title='bbox 1513 5581 1655 5636; x_wconf 83' lang='lat' dir='ltr'><strong>iatioitetis</strong></span> <span class='ocrx_word' id='word_1_614' title='bbox 1680 5581 1761 5642; x_wconf 76' lang='lat' dir='ltr'><strong>viros,</strong></span> <span class='ocrx_word' id='word_1_615' title='bbox 1789 5579 1822 5630; x_wconf 74' lang='lat' dir='ltr'><strong>ila</strong></span> <span class='ocrx_word' id='word_1_616' title='bbox 1845 5595 1897 5645; x_wconf 86' lang='lat' dir='ltr'><strong>quo</strong></span> 
     </span>
     <span class='ocr_line' id='line_1_54' title="bbox 1074 5657 1896 5732; baseline -0.013 -4"><span class='ocrx_word' id='word_1_617' title='bbox 1074 5675 1195 5728; x_wconf 84' lang='lat' dir='ltr'><strong>Niaolim</strong></span> <span class='ocrx_word' id='word_1_618' title='bbox 1215 5675 1241 5726; x_wconf 89' lang='lat' dir='ltr'><strong>in</strong></span> <span class='ocrx_word' id='word_1_619' title='bbox 1263 5675 1382 5726; x_wconf 84' lang='lat' dir='ltr'><strong>thesauro</strong></span> <span class='ocrx_word' id='word_1_620' title='bbox 1401 5671 1570 5724; x_wconf 81' lang='lat' dir='ltr'><strong>ciceroniana</strong></span> <span class='ocrx_word' id='word_1_621' title='bbox 1594 5679 1653 5719; x_wconf 81' lang='lat' dir='ltr'><strong>core</strong></span> <span class='ocrx_word' id='word_1_622' title='bbox 1672 5657 1809 5732; x_wconf 76' lang='lat' dir='ltr'><strong>gratificor</strong></span> <span class='ocrx_word' id='word_1_623' title='bbox 1835 5671 1861 5712; x_wconf 80' lang='lat' dir='ltr'><strong>et</strong></span> <span class='ocrx_word' id='word_1_624' title='bbox 1879 5661 1896 5711; x_wconf 83' lang='lat' dir='ltr'><strong>l·</strong></span> 
     </span>
    </p>
   </div>
   <div class='ocr_carea' id='block_1_7' title="bbox 211 5707 1895 5917">
    <p class='ocr_par' dir='ltr' id='par_1_8' title="bbox 211 5707 1895 5917">
     <span class='ocr_line' id='line_1_55' title="bbox 212 5707 1895 5836; baseline -0.013 -19"><span class='ocrx_word' id='word_1_625' title='bbox 212 5761 233 5816; x_wconf 75' lang='lat' dir='ltr'><strong>i·</strong></span> <span class='ocrx_word' id='word_1_626' title='bbox 259 5760 284 5808; x_wconf 86' lang='lat'><strong>1·</strong></span> <span class='ocrx_word' id='word_1_627' title='bbox 304 5707 373 5814; x_wconf 75' lang='lat' dir='ltr'><strong>Est</strong></span> <span class='ocrx_word' id='word_1_628' title='bbox 390 5757 496 5830; x_wconf 77' lang='lat' dir='ltr'><strong>quidem</strong></span> <span class='ocrx_word' id='word_1_629' title='bbox 515 5761 592 5814; x_wconf 78' lang='lat' dir='ltr'><strong>aetati</strong></span> <span class='ocrx_word' id='word_1_630' title='bbox 612 5771 715 5814; x_wconf 85' lang='lat' dir='ltr'><strong>nostrae</strong></span> <span class='ocrx_word' id='word_1_631' title='bbox 734 5764 838 5834; x_wconf 80' lang='lat' dir='ltr'><strong>propria</strong></span> <span class='ocrx_word' id='word_1_632' title='bbox 857 5761 910 5816; x_wconf 84' lang='lat' dir='ltr'><strong>iere</strong></span> <span class='ocrx_word' id='word_1_633' title='bbox 924 5763 1025 5836; x_wconf 78' lang='lat' dir='ltr'><strong>argutia</strong></span> <span class='ocrx_word' id='word_1_634' title='bbox 1075 5759 1102 5810; x_wconf 80' lang='grc'><strong>6.</strong></span> <span class='ocrx_word' id='word_1_635' title='bbox 1115 5765 1136 5819; x_wconf 76' lang='lat' dir='ltr'><strong>t.</strong></span> <span class='ocrx_word' id='word_1_636' title='bbox 1151 5753 1221 5824; x_wconf 56' lang='grc' dir='ltr'><strong>Μ’.</strong></span> <span class='ocrx_word' id='word_1_637' title='bbox 1238 5759 1271 5809; x_wconf 85' lang='lat' dir='ltr'><strong>de</strong></span> <span class='ocrx_word' id='word_1_638' title='bbox 1285 5756 1340 5808; x_wconf 84' lang='lat' dir='ltr'><strong>rei.</strong></span> <span class='ocrx_word' id='word_1_639' title='bbox 1355 5753 1528 5826; x_wconf 73' lang='lat' dir='ltr'><strong>caeteajeai.</strong></span> <span class='ocrx_word' id='word_1_640' title='bbox 1541 5749 1640 5820; x_wconf 80' lang='lat' dir='ltr'><strong>possid.</strong></span> <span class='ocrx_word' id='word_1_641' title='bbox 1658 5749 1675 5800; x_wconf 89' lang='lat' dir='ltr'><strong>l.</strong></span> <span class='ocrx_word' id='word_1_642' title='bbox 1704 5746 1729 5800; x_wconf 81' lang='lat' dir='ltr'><strong>l.</strong></span> <span class='ocrx_word' id='word_1_643' title='bbox 1754 5743 1895 5815; x_wconf 73' lang='lat' dir='ltr'><strong>influff.</strong></span> 
     </span>
     <span class='ocr_line' id='line_1_56' title="bbox 211 5830 1895 5917; baseline -0.009 -21"><span class='ocrx_word' id='word_1_644' title='bbox 211 5840 239 5891; x_wconf 78' lang='lat' dir='ltr'><strong>&#39;tn</strong></span> <span class='ocrx_word' id='word_1_645' title='bbox 257 5843 375 5911; x_wconf 83' lang='lat' dir='ltr'><strong>spartis,</strong></span> <span class='ocrx_word' id='word_1_646' title='bbox 391 5845 547 5917; x_wconf 75' lang='lat' dir='ltr'><strong>quantisque</strong></span> <span class='ocrx_word' id='word_1_647' title='bbox 565 5847 714 5900; x_wconf 85' lang='lat' dir='ltr'><strong>intricatior</strong></span> <span class='ocrx_word' id='word_1_648' title='bbox 731 5846 869 5902; x_wconf 80' lang='lat' dir='ltr'><strong>dtrbitandi</strong></span> <span class='ocrx_word' id='word_1_649' title='bbox 885 5849 963 5916; x_wconf 84' lang='lat' dir='ltr'><strong>ratio,</strong></span> <span class='ocrx_word' id='word_1_650' title='bbox 980 5847 1025 5904; x_wconf 81' lang='lat' dir='ltr'><strong>sad</strong></span> <span class='ocrx_word' id='word_1_651' title='bbox 1072 5843 1153 5896; x_wconf 76' lang='lat' dir='ltr'><strong>uter.</strong></span> <span class='ocrx_word' id='word_1_652' title='bbox 1168 5839 1268 5896; x_wconf 79' lang='lat' dir='ltr'><strong>treicii,</strong></span> <span class='ocrx_word' id='word_1_653' title='bbox 1280 5839 1403 5894; x_wconf 84' lang='lat' dir='ltr'><strong>occurrit.</strong></span> <span class='ocrx_word' id='word_1_654' title='bbox 1421 5835 1585 5892; x_wconf 77' lang='lat' dir='ltr'><strong>Traoshtire</strong></span> <span class='ocrx_word' id='word_1_655' title='bbox 1605 5849 1674 5892; x_wconf 79' lang='lat' dir='ltr'><strong>sero.</strong></span> <span class='ocrx_word' id='word_1_656' title='bbox 1699 5830 1742 5900; x_wconf 88' lang='lat' dir='ltr'><strong>(l)</strong></span> <span class='ocrx_word' id='word_1_657' title='bbox 1769 5831 1841 5883; x_wconf 78' lang='lat' dir='ltr'><strong>ltro</strong></span> <span class='ocrx_word' id='word_1_658' title='bbox 1864 5845 1895 5882; x_wconf 83' lang='lat' dir='ltr'><strong>sa</strong></span> 
     </span>
    </p>
   </div>
   <div class='ocr_carea' id='block_1_8' title="bbox 0 120 2230 6214">
    <p class='ocr_par' dir='ltr' id='par_1_9' title="bbox 0 120 2230 6214">
     <span class='ocr_line' id='line_1_57' title="bbox 0 120 2230 6214; baseline 0 0"><span class='ocrx_word' id='word_1_659' title='bbox 0 120 2230 6214; x_wconf 95' lang='lat' dir='ltr'><strong> </strong></span> 
     </span>
    </p>
   </div>
  </div>
 </body>
</html>
