<?xml version="1.0" encoding="UTF-8"?>
<!DOCTYPE html PUBLIC "-//W3C//DTD XHTML 1.0 Transitional//EN"
    "http://www.w3.org/TR/xhtml1/DTD/xhtml1-transitional.dtd">
<html xmlns="http://www.w3.org/1999/xhtml" xml:lang="en" lang="en">
 <head>
  <title>
</title>
<meta http-equiv="Content-Type" content="text/html;charset=utf-8" />
  <meta name='ocr-system' content='tesseract 3.04.00' />
  <meta name='ocr-capabilities' content='ocr_page ocr_carea ocr_par ocr_line ocrx_word'/>
</head>
<body>
  <div class='ocr_page' id='page_1' title='image "./samuelisstrykii07schogoog/samuelisstrykii07schogoog_0420.png"; bbox 0 0 4404 6168; ppageno 0'>
   <div class='ocr_carea' id='block_1_1' title="bbox 310 371 1135 1192">
    <p class='ocr_par' dir='ltr' id='par_1_1' title="bbox 310 371 1135 1192">
     <span class='ocr_line' id='line_1_1' title="bbox 311 371 1130 448; baseline -0.01 -15"><span class='ocrx_word' id='word_1_1' title='bbox 311 377 415 448; x_wconf 88' lang='lat' dir='ltr'>recipit.</span> <span class='ocrx_word' id='word_1_2' title='bbox 434 376 601 446; x_wconf 87' lang='lat' dir='ltr'>Quep&#39;ropter</span> <span class='ocrx_word' id='word_1_3' title='bbox 619 372 689 428; x_wconf 84' lang='lat' dir='ltr'>nihil</span> <span class='ocrx_word' id='word_1_4' title='bbox 714 373 792 442; x_wconf 85' lang='lat' dir='ltr'>piene</span> <span class='ocrx_word' id='word_1_5' title='bbox 807 371 913 427; x_wconf 69' lang='lat' dir='ltr'>elistere</span> <span class='ocrx_word' id='word_1_6' title='bbox 931 371 1064 436; x_wconf 70' lang='lat' dir='ltr'>uidemus,</span> <span class='ocrx_word' id='word_1_7' title='bbox 1082 386 1130 424; x_wconf 91' lang='lat' dir='ltr'>cur</span> 
     </span>
     <span class='ocr_line' id='line_1_2' title="bbox 311 453 1131 526; baseline -0.006 -12"><span class='ocrx_word' id='word_1_8' title='bbox 311 477 366 514; x_wconf 88' lang='lat' dir='ltr'>nun</span> <span class='ocrx_word' id='word_1_9' title='bbox 386 461 414 512; x_wconf 91' lang='lat' dir='ltr'>in</span> <span class='ocrx_word' id='word_1_10' title='bbox 434 458 590 521; x_wconf 76' lang='lat' dir='ltr'>necessaris,</span> <span class='ocrx_word' id='word_1_11' title='bbox 607 474 672 526; x_wconf 82' lang='lat' dir='ltr'>quue</span> <span class='ocrx_word' id='word_1_12' title='bbox 690 453 851 509; x_wconf 83' lang='lat' dir='ltr'>eiiinitutem</span> <span class='ocrx_word' id='word_1_13' title='bbox 870 455 1022 525; x_wconf 84' lang='lat' dir='ltr'>eequslem,</span> <span class='ocrx_word' id='word_1_14' title='bbox 1042 465 1071 508; x_wconf 89' lang='lat' dir='ltr'>nt</span> <span class='ocrx_word' id='word_1_15' title='bbox 1089 473 1131 509; x_wconf 92' lang='lat' dir='ltr'>vo·</span> 
     </span>
     <span class='ocr_line' id='line_1_3' title="bbox 311 539 1135 610; baseline -0.008 -13"><span class='ocrx_word' id='word_1_16' title='bbox 311 544 433 606; x_wconf 78' lang='lat' dir='ltr'>lucteris,</span> <span class='ocrx_word' id='word_1_17' title='bbox 452 559 511 595; x_wconf 88' lang='lat' dir='ltr'>eum</span> <span class='ocrx_word' id='word_1_18' title='bbox 531 543 665 610; x_wconf 72' lang='lat' dir='ltr'>emptione</span> <span class='ocrx_word' id='word_1_19' title='bbox 684 551 708 592; x_wconf 92' lang='lat' dir='ltr'>et</span> <span class='ocrx_word' id='word_1_20' title='bbox 728 540 880 594; x_wconf 73' lang='lat' dir='ltr'>venditione</span> <span class='ocrx_word' id='word_1_21' title='bbox 900 539 998 603; x_wconf 81' lang='lat' dir='ltr'>hebet,</span> <span class='ocrx_word' id='word_1_22' title='bbox 1017 541 1057 607; x_wconf 81' lang='lat' dir='ltr'>jus</span> <span class='ocrx_word' id='word_1_23' title='bbox 1075 554 1135 592; x_wconf 90' lang='lat' dir='ltr'>con·</span> 
     </span>
     <span class='ocr_line' id='line_1_4' title="bbox 311 623 1134 695; baseline -0.004 -18"><span class='ocrx_word' id='word_1_24' title='bbox 311 625 370 695; x_wconf 76' lang='lat' dir='ltr'>grui</span> <span class='ocrx_word' id='word_1_25' title='bbox 389 641 422 677; x_wconf 79' lang='lat' dir='ltr'>cx</span> <span class='ocrx_word' id='word_1_26' title='bbox 439 643 519 694; x_wconf 82' lang='lat' dir='ltr'>nequo</span> <span class='ocrx_word' id='word_1_27' title='bbox 537 623 727 678; x_wconf 66' lang='lat' dir='ltr'>admittentium</span> <span class='ocrx_word' id='word_1_28' title='bbox 749 627 794 678; x_wconf 90' lang='lat' dir='ltr'>sit.</span> <span class='ocrx_word' id='word_1_29' title='bbox 810 624 843 674; x_wconf 87' lang='lat' dir='ltr'>Et</span> <span class='ocrx_word' id='word_1_30' title='bbox 862 624 927 676; x_wconf 79' lang='lat' dir='ltr'>huuc</span> <span class='ocrx_word' id='word_1_31' title='bbox 938 623 1092 692; x_wconf 74' lang='lat' dir='ltr'>opinionem</span> <span class='ocrx_word' id='word_1_32' title='bbox 1106 635 1134 675; x_wconf 92' lang='lat' dir='ltr'>ut</span> 
     </span>
     <span class='ocr_line' id='line_1_5' title="bbox 310 705 1134 764; baseline -0.007 -2"><span class='ocrx_word' id='word_1_33' title='bbox 310 709 439 764; x_wconf 75' lang='lat' dir='ltr'>veriorem</span> <span class='ocrx_word' id='word_1_34' title='bbox 458 718 491 760; x_wconf 91' lang='lat' dir='ltr'>el·</span> <span class='ocrx_word' id='word_1_35' title='bbox 503 709 710 761; x_wconf 80' lang='lat' dir='ltr'>communiorem</span> <span class='ocrx_word' id='word_1_36' title='bbox 730 723 789 760; x_wconf 84' lang='lat' dir='ltr'>cunr</span> <span class='ocrx_word' id='word_1_37' title='bbox 816 709 877 758; x_wconf 90' lang='lat' dir='ltr'>eliis</span> <span class='ocrx_word' id='word_1_38' title='bbox 903 707 989 760; x_wconf 84' lang='lat' dir='ltr'>ieudel</span> <span class='ocrx_word' id='word_1_39' title='bbox 1011 705 1134 758; x_wconf 77' lang='lat' dir='ltr'>ludovic.</span> 
     </span>
     <span class='ocr_line' id='line_1_6' title="bbox 314 788 1134 860; baseline 0.002 -19"><span class='ocrx_word' id='word_1_40' title='bbox 314 789 416 843; x_wconf 80' lang='lat' dir='ltr'>Postius</span> <span class='ocrx_word' id='word_1_41' title='bbox 434 789 467 842; x_wconf 81' lang='lat' dir='ltr'>de</span> <span class='ocrx_word' id='word_1_42' title='bbox 485 791 634 844; x_wconf 84' lang='lat' dir='ltr'>enddortnt.</span> <span class='ocrx_word' id='word_1_43' title='bbox 656 789 767 860; x_wconf 84' lang='lat' dir='ltr'>inspect.</span> <span class='ocrx_word' id='word_1_44' title='bbox 795 791 839 842; x_wconf 83' lang='lat'>³6.</span> <span class='ocrx_word' id='word_1_45' title='bbox 864 807 939 844; x_wconf 88' lang='lat' dir='ltr'>num.</span> <span class='ocrx_word' id='word_1_46' title='bbox 966 791 1011 841; x_wconf 77' lang='lat' dir='ltr'>tn.</span> <span class='ocrx_word' id='word_1_47' title='bbox 1035 788 1134 843; x_wconf 86' lang='lat' dir='ltr'>Endetre</span> 
     </span>
     <span class='ocr_line' id='line_1_7' title="bbox 311 874 1133 943; baseline 0 -19"><span class='ocrx_word' id='word_1_48' title='bbox 311 874 414 926; x_wconf 90' lang='lat' dir='ltr'>retione</span> <span class='ocrx_word' id='word_1_49' title='bbox 426 889 457 926; x_wconf 86' lang='lat' dir='ltr'>ee</span> <span class='ocrx_word' id='word_1_50' title='bbox 475 891 549 926; x_wconf 89' lang='lat' dir='ltr'>ceuse</span> <span class='ocrx_word' id='word_1_51' title='bbox 569 874 706 928; x_wconf 81' lang='lat' dir='ltr'>missionis</span> <span class='ocrx_word' id='word_1_52' title='bbox 726 875 753 926; x_wconf 89' lang='lat' dir='ltr'>in</span> <span class='ocrx_word' id='word_1_53' title='bbox 773 875 964 943; x_wconf 87' lang='lat' dir='ltr'>possessionem</span> <span class='ocrx_word' id='word_1_54' title='bbox 983 887 1016 924; x_wconf 82' lang='lat' dir='ltr'>er</span> <span class='ocrx_word' id='word_1_55' title='bbox 1042 889 1133 925; x_wconf 87' lang='lat' dir='ltr'>secun·</span> 
     </span>
     <span class='ocr_line' id='line_1_8' title="bbox 311 954 1131 1028; baseline -0.007 -18"><span class='ocrx_word' id='word_1_56' title='bbox 311 955 346 1010; x_wconf 90' lang='lat' dir='ltr'>tic</span> <span class='ocrx_word' id='word_1_57' title='bbox 365 957 485 1021; x_wconf 89' lang='lat' dir='ltr'>decreto,</span> <span class='ocrx_word' id='word_1_58' title='bbox 506 975 537 1010; x_wconf 82' lang='grc' dir='ltr'>ιι</span> <span class='ocrx_word' id='word_1_59' title='bbox 555 977 605 1028; x_wconf 87' lang='lat' dir='ltr'>qne</span> <span class='ocrx_word' id='word_1_60' title='bbox 632 958 779 1011; x_wconf 88' lang='lat' dir='ltr'>dominium</span> <span class='ocrx_word' id='word_1_61' title='bbox 805 955 981 1026; x_wconf 75' lang='lat' dir='ltr'>usucapiendo</span> <span class='ocrx_word' id='word_1_62' title='bbox 1009 954 1131 1023; x_wconf 87' lang='lat' dir='ltr'>consequi</span> 
     </span>
     <span class='ocr_line' id='line_1_9' title="bbox 312 1036 1134 1110; baseline 0.002 -21"><span class='ocrx_word' id='word_1_63' title='bbox 312 1050 398 1108; x_wconf 86' lang='lat' dir='ltr'>potest</span> <span class='ocrx_word' id='word_1_64' title='bbox 418 1041 561 1104; x_wconf 86' lang='lat' dir='ltr'>iuttuissns,</span> <span class='ocrx_word' id='word_1_65' title='bbox 580 1041 599 1091; x_wconf 86' lang='grc'>1.</span> <span class='ocrx_word' id='word_1_66' title='bbox 618 1039 643 1091; x_wconf 67' lang='lat' dir='ltr'>i.</span> <span class='ocrx_word' id='word_1_67' title='bbox 659 1057 702 1110; x_wconf 86' lang='lat' dir='ltr'>pr.</span> <span class='ocrx_word' id='word_1_68' title='bbox 722 1039 751 1093; x_wconf 86' lang='lat' dir='ltr'>in</span> <span class='ocrx_word' id='word_1_69' title='bbox 765 1038 817 1108; x_wconf 78' lang='lat' dir='ltr'>fin.</span> <span class='ocrx_word' id='word_1_70' title='bbox 835 1042 861 1093; x_wconf 82' lang='lat' dir='ltr'>d.</span> <span class='ocrx_word' id='word_1_71' title='bbox 879 1042 973 1093; x_wconf 78' lang='lat' dir='ltr'>domis.</span> <span class='ocrx_word' id='word_1_72' title='bbox 991 1036 1086 1107; x_wconf 63' lang='lat' dir='ltr'>infeci</span> <span class='ocrx_word' id='word_1_73' title='bbox 1110 1055 1134 1091; x_wconf 86' lang='lat' dir='ltr'>r·</span> 
     </span>
     <span class='ocr_line' id='line_1_10' title="bbox 310 1119 1132 1192; baseline -0.005 -17"><span class='ocrx_word' id='word_1_74' title='bbox 310 1122 347 1175; x_wconf 91' lang='lat' dir='ltr'>rit</span> <span class='ocrx_word' id='word_1_75' title='bbox 366 1122 436 1174; x_wconf 88' lang='lat' dir='ltr'>iocus</span> <span class='ocrx_word' id='word_1_76' title='bbox 454 1139 577 1192; x_wconf 70' lang='lat' dir='ltr'>congruo·</span> <span class='ocrx_word' id='word_1_77' title='bbox 594 1123 630 1174; x_wconf 91' lang='lat' dir='ltr'>Ut</span> <span class='ocrx_word' id='word_1_78' title='bbox 650 1133 676 1175; x_wconf 93' lang='lat' dir='ltr'>et</span> <span class='ocrx_word' id='word_1_79' title='bbox 696 1123 724 1174; x_wconf 91' lang='lat' dir='ltr'>iu</span> <span class='ocrx_word' id='word_1_80' title='bbox 742 1139 802 1175; x_wconf 78' lang='lat' dir='ltr'>cusu</span> <span class='ocrx_word' id='word_1_81' title='bbox 821 1141 834 1174; x_wconf 88' lang='lat' dir='ltr'>e</span> <span class='ocrx_word' id='word_1_82' title='bbox 854 1123 976 1192; x_wconf 76' lang='lat' dir='ltr'>principe</span> <span class='ocrx_word' id='word_1_83' title='bbox 1000 1119 1132 1190; x_wconf 88' lang='lat' dir='ltr'>impetrsti</span> 
     </span>
    </p>
   </div>
   <div class='ocr_carea' id='block_1_2' title="bbox 226 1202 1133 1276">
    <p class='ocr_par' dir='ltr' id='par_1_2' title="bbox 226 1202 1133 1276">
     <span class='ocr_line' id='line_1_11' title="bbox 226 1202 1133 1276; baseline -0.002 -18"><span class='ocrx_word' id='word_1_84' title='bbox 226 1221 228 1226; x_wconf 85' lang='lat'>·</span> <span class='ocrx_word' id='word_1_85' title='bbox 312 1202 426 1258; x_wconf 79' lang='lat' dir='ltr'>dominii</span> <span class='ocrx_word' id='word_1_86' title='bbox 445 1222 477 1258; x_wconf 81' lang='lat' dir='ltr'>ex</span> <span class='ocrx_word' id='word_1_87' title='bbox 499 1218 588 1258; x_wconf 87' lang='lat' dir='ltr'>tenore</span> <span class='ocrx_word' id='word_1_88' title='bbox 606 1205 625 1258; x_wconf 84' lang='lat' dir='ltr'>i.</span> <span class='ocrx_word' id='word_1_89' title='bbox 644 1205 670 1258; x_wconf 71' lang='grc'>3.</span> <span class='ocrx_word' id='word_1_90' title='bbox 687 1221 710 1258; x_wconf 86' lang='lat' dir='ltr'>c.</span> <span class='ocrx_word' id='word_1_91' title='bbox 729 1203 1010 1276; x_wconf 77' lang='lat' dir='ltr'>ti.1&#39;.riom&#39;.isnpetr.</span> <span class='ocrx_word' id='word_1_92' title='bbox 1030 1216 1074 1258; x_wconf 90' lang='lat' dir='ltr'>eut</span> <span class='ocrx_word' id='word_1_93' title='bbox 1093 1203 1133 1257; x_wconf 86' lang='lat' dir='ltr'>ie·</span> 
     </span>
    </p>
   </div>
   <div class='ocr_carea' id='block_1_3' title="bbox 306 1287 1143 5522">
    <p class='ocr_par' dir='ltr' id='par_1_3' title="bbox 311 1287 1136 1773">
     <span class='ocr_line' id='line_1_12' title="bbox 312 1287 1133 1360; baseline -0.004 -18"><span class='ocrx_word' id='word_1_94' title='bbox 312 1298 366 1342; x_wconf 81' lang='lat' dir='ltr'>cine</span> <span class='ocrx_word' id='word_1_95' title='bbox 382 1289 554 1354; x_wconf 86' lang='lat' dir='ltr'>eddictionie,</span> <span class='ocrx_word' id='word_1_96' title='bbox 573 1291 591 1342; x_wconf 92' lang='lat' dir='ltr'>i.</span> <span class='ocrx_word' id='word_1_97' title='bbox 614 1290 674 1342; x_wconf 86' lang='grc'><strong><em>137.</em></strong></span> <span class='ocrx_word' id='word_1_98' title='bbox 692 1290 717 1344; x_wconf 80' lang='lat' dir='ltr'>d.</span> <span class='ocrx_word' id='word_1_99' title='bbox 738 1308 759 1342; x_wconf 83' lang='lat' dir='ltr'>r.</span> <span class='ocrx_word' id='word_1_100' title='bbox 773 1291 798 1360; x_wconf 79' lang='lat'>1¹.</span> <span class='ocrx_word' id='word_1_101' title='bbox 815 1291 875 1360; x_wconf 88' lang='lat' dir='ltr'>quie</span> <span class='ocrx_word' id='word_1_102' title='bbox 893 1289 1020 1342; x_wconf 89' lang='lat' dir='ltr'>elienetin</span> <span class='ocrx_word' id='word_1_103' title='bbox 1033 1289 1077 1340; x_wconf 90' lang='lat' dir='ltr'>hic</span> <span class='ocrx_word' id='word_1_104' title='bbox 1090 1287 1133 1341; x_wconf 83' lang='lat' dir='ltr'>ed·</span> 
     </span>
     <span class='ocr_line' id='line_1_13' title="bbox 312 1369 1134 1441; baseline 0.002 -17"><span class='ocrx_word' id='word_1_105' title='bbox 312 1377 360 1424; x_wconf 82' lang='grc' dir='ltr'>ιιι.</span> <span class='ocrx_word' id='word_1_106' title='bbox 379 1369 452 1423; x_wconf 88' lang='grc' dir='ltr'>Ζοιι.</span> <span class='ocrx_word' id='word_1_107' title='bbox 475 1373 505 1424; x_wconf 80' lang='lat' dir='ltr'>d.</span> <span class='ocrx_word' id='word_1_108' title='bbox 522 1377 631 1424; x_wconf 79' lang='lat' dir='ltr'>retract.</span> <span class='ocrx_word' id='word_1_109' title='bbox 650 1390 725 1426; x_wconf 84' lang='lat' dir='ltr'>num.</span> <span class='ocrx_word' id='word_1_110' title='bbox 744 1373 788 1424; x_wconf 78' lang='grc'>87.</span> <span class='ocrx_word' id='word_1_111' title='bbox 805 1373 833 1425; x_wconf 88' lang='lat' dir='ltr'>in</span> <span class='ocrx_word' id='word_1_112' title='bbox 851 1391 949 1428; x_wconf 86' lang='lat' dir='ltr'>comm.</span> <span class='ocrx_word' id='word_1_113' title='bbox 974 1372 1011 1427; x_wconf 76' lang='lat' dir='ltr'>od</span> <span class='ocrx_word' id='word_1_114' title='bbox 1023 1371 1065 1441; x_wconf 77' lang='lat' dir='ltr'>ff.</span> <span class='ocrx_word' id='word_1_115' title='bbox 1088 1371 1134 1426; x_wconf 66' lang='lat' dir='ltr'>Sit</span> 
     </span>
     <span class='ocr_line' id='line_1_14' title="bbox 312 1452 1136 1527; baseline 0.004 -23"><span class='ocrx_word' id='word_1_116' title='bbox 312 1452 336 1504; x_wconf 90' lang='lat' dir='ltr'>si</span> <span class='ocrx_word' id='word_1_117' title='bbox 355 1454 476 1506; x_wconf 88' lang='lat' dir='ltr'>venditor</span> <span class='ocrx_word' id='word_1_118' title='bbox 495 1453 569 1507; x_wconf 88' lang='lat' dir='ltr'>iundi</span> <span class='ocrx_word' id='word_1_119' title='bbox 590 1457 667 1508; x_wconf 89' lang='lat' dir='ltr'>citeri</span> <span class='ocrx_word' id='word_1_120' title='bbox 687 1469 756 1510; x_wconf 87' lang='lat' dir='ltr'>curet</span> <span class='ocrx_word' id='word_1_121' title='bbox 773 1458 928 1520; x_wconf 75' lang='lat' dir='ltr'>creditores,</span> <span class='ocrx_word' id='word_1_122' title='bbox 946 1469 1056 1527; x_wconf 90' lang='lat' dir='ltr'>propter</span> <span class='ocrx_word' id='word_1_123' title='bbox 1070 1458 1136 1508; x_wconf 88' lang='lat' dir='ltr'>inte·</span> 
     </span>
     <span class='ocr_line' id='line_1_15' title="bbox 311 1537 1136 1610; baseline 0.013 -26"><span class='ocrx_word' id='word_1_124' title='bbox 311 1547 382 1586; x_wconf 79' lang='lat' dir='ltr'>resec</span> <span class='ocrx_word' id='word_1_125' title='bbox 401 1545 527 1590; x_wconf 81' lang='lat' dir='ltr'>rclrecttts</span> <span class='ocrx_word' id='word_1_126' title='bbox 546 1537 626 1590; x_wconf 79' lang='lat' dir='ltr'>vicini</span> <span class='ocrx_word' id='word_1_127' title='bbox 644 1557 747 1610; x_wconf 79' lang='lat' dir='ltr'>qnoque</span> <span class='ocrx_word' id='word_1_128' title='bbox 766 1541 871 1594; x_wconf 76' lang='lat' dir='ltr'>rocuudt</span> <span class='ocrx_word' id='word_1_129' title='bbox 892 1553 979 1605; x_wconf 84' lang='lat' dir='ltr'>erunt,</span> <span class='ocrx_word' id='word_1_130' title='bbox 996 1544 1017 1592; x_wconf 90' lang='lat' dir='ltr'>si</span> <span class='ocrx_word' id='word_1_131' title='bbox 1045 1541 1085 1594; x_wconf 86' lang='lat' dir='ltr'>illi</span> <span class='ocrx_word' id='word_1_132' title='bbox 1104 1557 1136 1595; x_wconf 68' lang='lat' dir='ltr'>e!</span> 
     </span>
     <span class='ocr_line' id='line_1_16' title="bbox 313 1619 1132 1696; baseline 0.007 -26"><span class='ocrx_word' id='word_1_133' title='bbox 313 1621 503 1674; x_wconf 90' lang='lat' dir='ltr'>consuetudine</span> <span class='ocrx_word' id='word_1_134' title='bbox 523 1621 561 1672; x_wconf 88' lang='lat' dir='ltr'>vel</span> <span class='ocrx_word' id='word_1_135' title='bbox 581 1630 678 1676; x_wconf 89' lang='lat' dir='ltr'>stetuto</span> <span class='ocrx_word' id='word_1_136' title='bbox 698 1624 833 1678; x_wconf 70' lang='lat' dir='ltr'>retrahere</span> <span class='ocrx_word' id='word_1_137' title='bbox 845 1619 963 1696; x_wconf 79' lang='lat' dir='ltr'>possunt.</span> <span class='ocrx_word' id='word_1_138' title='bbox 978 1627 1031 1678; x_wconf 87' lang='lat' dir='ltr'>lin.</span> <span class='ocrx_word' id='word_1_139' title='bbox 1046 1623 1132 1678; x_wconf 78' lang='lat' dir='ltr'>Brun·</span> 
     </span>
     <span class='ocr_line' id='line_1_17' title="bbox 311 1705 727 1773; baseline 0.014 -19"><span class='ocrx_word' id='word_1_140' title='bbox 311 1717 384 1754; x_wconf 87' lang='lat' dir='ltr'>num.</span> <span class='ocrx_word' id='word_1_141' title='bbox 400 1721 479 1773; x_wconf 84' lang='lat' dir='ltr'>proc.</span> <span class='ocrx_word' id='word_1_142' title='bbox 495 1705 545 1758; x_wconf 80' lang='lat' dir='ltr'>eiu.</span> <span class='ocrx_word' id='word_1_143' title='bbox 562 1722 588 1758; x_wconf 90' lang='lat' dir='ltr'>e.</span> <span class='ocrx_word' id='word_1_144' title='bbox 607 1707 633 1762; x_wconf 90' lang='grc'>3.</span> <span class='ocrx_word' id='word_1_145' title='bbox 651 1725 680 1758; x_wconf 86' lang='grc' dir='ltr'>ιι.</span> <span class='ocrx_word' id='word_1_146' title='bbox 697 1709 727 1765; x_wconf 81' lang='lat' dir='ltr'>d.</span> 
     </span>
    </p>

    <p class='ocr_par' dir='ltr' id='par_1_4' title="bbox 312 1785 1143 2669">
     <span class='ocr_line' id='line_1_18' title="bbox 350 1785 1143 1859; baseline 0.013 -25"><span class='ocrx_word' id='word_1_147' title='bbox 350 1785 408 1836; x_wconf 84' lang='lat' dir='ltr'>lion</span> <span class='ocrx_word' id='word_1_148' title='bbox 427 1794 514 1837; x_wconf 86' lang='lat' dir='ltr'>tesnen</span> <span class='ocrx_word' id='word_1_149' title='bbox 535 1803 639 1859; x_wconf 87' lang='lat' dir='ltr'>semper</span> <span class='ocrx_word' id='word_1_150' title='bbox 658 1792 691 1844; x_wconf 85' lang='lat' dir='ltr'>ed</span> <span class='ocrx_word' id='word_1_151' title='bbox 713 1801 872 1846; x_wconf 74' lang='lat' dir='ltr'>statutorum</span> <span class='ocrx_word' id='word_1_152' title='bbox 893 1805 1011 1849; x_wconf 87' lang='lat' dir='ltr'>tenorem</span> <span class='ocrx_word' id='word_1_153' title='bbox 1033 1804 1056 1848; x_wconf 93' lang='lat' dir='ltr'>et</span> <span class='ocrx_word' id='word_1_154' title='bbox 1084 1807 1143 1846; x_wconf 91' lang='lat' dir='ltr'>con·</span> 
     </span>
     <span class='ocr_line' id='line_1_19' title="bbox 313 1865 1140 1942; baseline 0.015 -25"><span class='ocrx_word' id='word_1_155' title='bbox 313 1865 460 1918; x_wconf 86' lang='lat' dir='ltr'>sneludinis</span> <span class='ocrx_word' id='word_1_156' title='bbox 480 1873 593 1938; x_wconf 77' lang='lat' dir='ltr'>vigorem</span> <span class='ocrx_word' id='word_1_157' title='bbox 614 1876 816 1942; x_wconf 68' lang='lat' dir='ltr'>restringimuse</span> <span class='ocrx_word' id='word_1_158' title='bbox 851 1878 879 1928; x_wconf 89' lang='lat' dir='ltr'>iu</span> <span class='ocrx_word' id='word_1_159' title='bbox 909 1879 1048 1934; x_wconf 83' lang='lat' dir='ltr'>nonnullis</span> <span class='ocrx_word' id='word_1_160' title='bbox 1069 1879 1140 1932; x_wconf 77' lang='lat' dir='ltr'>eoin</span> 
     </span>
     <span class='ocr_line' id='line_1_20' title="bbox 314 1950 1141 2028; baseline 0.016 -27"><span class='ocrx_word' id='word_1_161' title='bbox 314 1950 379 2002; x_wconf 91' lang='lat' dir='ltr'>locis</span> <span class='ocrx_word' id='word_1_162' title='bbox 398 1953 469 2006; x_wconf 82' lang='lat' dir='ltr'>durio</span> <span class='ocrx_word' id='word_1_163' title='bbox 487 1955 514 2005; x_wconf 91' lang='lat' dir='ltr'>io</span> <span class='ocrx_word' id='word_1_164' title='bbox 534 1958 644 2008; x_wconf 88' lang='lat' dir='ltr'>solutum</span> <span class='ocrx_word' id='word_1_165' title='bbox 666 1960 801 2028; x_wconf 80' lang='lat' dir='ltr'>excipitur</span> <span class='ocrx_word' id='word_1_166' title='bbox 818 1979 832 2012; x_wconf 95' lang='grc' dir='ltr'>ι</span> <span class='ocrx_word' id='word_1_167' title='bbox 850 1971 987 2024; x_wconf 76' lang='lat' dir='ltr'>retractu,</span> <span class='ocrx_word' id='word_1_168' title='bbox 1005 1973 1033 2015; x_wconf 91' lang='lat' dir='ltr'>ut</span> <span class='ocrx_word' id='word_1_169' title='bbox 1059 1962 1141 2014; x_wconf 87' lang='lat' dir='ltr'>etism</span> 
     </span>
     <span class='ocr_line' id='line_1_21' title="bbox 312 2031 1143 2109; baseline 0.018 -27"><span class='ocrx_word' id='word_1_170' title='bbox 312 2031 409 2100; x_wconf 77' lang='lat' dir='ltr'>iegitur</span> <span class='ocrx_word' id='word_1_171' title='bbox 430 2037 456 2086; x_wconf 92' lang='lat' dir='ltr'>in</span> <span class='ocrx_word' id='word_1_172' title='bbox 475 2039 643 2093; x_wconf 86' lang='lat' dir='ltr'>ordinetioue</span> <span class='ocrx_word' id='word_1_173' title='bbox 668 2042 863 2109; x_wconf 73' lang='lat' dir='ltr'>durmsledine3</span> <span class='ocrx_word' id='word_1_174' title='bbox 896 2048 986 2098; x_wconf 85' lang='lat' dir='ltr'>chn</span> <span class='ocrx_word' id='word_1_175' title='bbox 1013 2047 1058 2100; x_wconf 90' lang='lat' dir='ltr'>ein</span> <span class='ocrx_word' id='word_1_176' title='bbox 1087 2047 1143 2099; x_wconf 82' lang='lat' dir='ltr'>(int</span> 
     </span>
     <span class='ocr_line' id='line_1_22' title="bbox 314 2121 1142 2194; baseline 0.017 -25"><span class='ocrx_word' id='word_1_177' title='bbox 314 2132 363 2167; x_wconf 83' lang='lat' dir='ltr'>vor</span> <span class='ocrx_word' id='word_1_178' title='bbox 378 2121 484 2175; x_wconf 85' lang='lat' dir='ltr'>Herren</span> <span class='ocrx_word' id='word_1_179' title='bbox 505 2123 588 2176; x_wconf 83' lang='lat' dir='ltr'>Zinre</span> <span class='ocrx_word' id='word_1_180' title='bbox 607 2124 675 2176; x_wconf 80' lang='lat' dir='ltr'>oder</span> <span class='ocrx_word' id='word_1_181' title='bbox 691 2127 795 2180; x_wconf 76' lang='lat' dir='ltr'>Schuid</span> <span class='ocrx_word' id='word_1_182' title='bbox 820 2127 966 2194; x_wconf 78' lang='lat' dir='ltr'>dffeutlied</span> <span class='ocrx_word' id='word_1_183' title='bbox 991 2129 1076 2182; x_wconf 83' lang='lat' dir='ltr'>durch</span> <span class='ocrx_word' id='word_1_184' title='bbox 1097 2132 1142 2185; x_wconf 88' lang='lat' dir='ltr'>die</span> 
     </span>
     <span class='ocr_line' id='line_1_23' title="bbox 313 2195 1139 2283; baseline 0.021 -36"><span class='ocrx_word' id='word_1_185' title='bbox 313 2195 428 2254; x_wconf 84' lang='lat' dir='ltr'>Beomte</span> <span class='ocrx_word' id='word_1_186' title='bbox 444 2203 512 2258; x_wconf 80' lang='lat' dir='ltr'>oder</span> <span class='ocrx_word' id='word_1_187' title='bbox 531 2205 641 2258; x_wconf 80' lang='lat' dir='ltr'>Gericiet</span> <span class='ocrx_word' id='word_1_188' title='bbox 660 2207 789 2277; x_wconf 80' lang='lat' dir='ltr'>erhnufft,</span> <span class='ocrx_word' id='word_1_189' title='bbox 809 2209 936 2265; x_wconf 78' lang='lat' dir='ltr'>oderdeu</span> <span class='ocrx_word' id='word_1_190' title='bbox 955 2213 1139 2283; x_wconf 69' lang='lat' dir='ltr'>Giaeubigern</span> 
     </span>
     <span class='ocr_line' id='line_1_24' title="bbox 312 2285 1141 2364; baseline 0.021 -31"><span class='ocrx_word' id='word_1_191' title='bbox 312 2285 462 2352; x_wconf 79' lang='lat' dir='ltr'>eugerteiiet</span> <span class='ocrx_word' id='word_1_192' title='bbox 480 2287 548 2340; x_wconf 81' lang='lat' dir='ltr'>odet·</span> <span class='ocrx_word' id='word_1_193' title='bbox 563 2290 714 2344; x_wconf 72' lang='lat' dir='ltr'>euerirnnoet</span> <span class='ocrx_word' id='word_1_194' title='bbox 732 2295 807 2354; x_wconf 77' lang='lat' dir='ltr'>miri,</span> <span class='ocrx_word' id='word_1_195' title='bbox 829 2295 974 2364; x_wconf 71' lang='lat' dir='ltr'>lleinhing.</span> <span class='ocrx_word' id='word_1_196' title='bbox 999 2315 1045 2363; x_wconf 78' lang='lat' dir='ltr'>qu·</span> <span class='ocrx_word' id='word_1_197' title='bbox 1063 2297 1088 2349; x_wconf 83' lang='grc'>1.</span> <span class='ocrx_word' id='word_1_198' title='bbox 1111 2317 1141 2350; x_wconf 89' lang='lat' dir='ltr'>n.</span> 
     </span>
     <span class='ocr_line' id='line_1_25' title="bbox 314 2363 1136 2446; baseline 0.023 -32"><span class='ocrx_word' id='word_1_199' title='bbox 314 2363 359 2417; x_wconf 88' lang='grc'><strong><em>113.</em></strong></span> <span class='ocrx_word' id='word_1_200' title='bbox 378 2366 419 2419; x_wconf 91' lang='lat' dir='ltr'>De</span> <span class='ocrx_word' id='word_1_201' title='bbox 439 2368 514 2423; x_wconf 86' lang='lat' dir='ltr'>bouis</span> <span class='ocrx_word' id='word_1_202' title='bbox 532 2372 596 2424; x_wconf 82' lang='lat' dir='ltr'>eiius</span> <span class='ocrx_word' id='word_1_203' title='bbox 614 2377 662 2426; x_wconf 91' lang='lat' dir='ltr'>suh</span> <span class='ocrx_word' id='word_1_204' title='bbox 680 2374 753 2428; x_wconf 77' lang='lat' dir='ltr'>hoste</span> <span class='ocrx_word' id='word_1_205' title='bbox 772 2377 899 2442; x_wconf 84' lang='lat' dir='ltr'>venditis,</span> <span class='ocrx_word' id='word_1_206' title='bbox 912 2378 975 2446; x_wconf 83' lang='lat' dir='ltr'>quid</span> <span class='ocrx_word' id='word_1_207' title='bbox 994 2380 1043 2433; x_wconf 90' lang='lat' dir='ltr'>huc</span> <span class='ocrx_word' id='word_1_208' title='bbox 1056 2383 1136 2432; x_wconf 84' lang='lat' dir='ltr'>ince-</span> 
     </span>
     <span class='ocr_line' id='line_1_26' title="bbox 313 2449 1139 2521; baseline 0.018 -24"><span class='ocrx_word' id='word_1_209' title='bbox 313 2462 343 2498; x_wconf 93' lang='lat' dir='ltr'>en</span> <span class='ocrx_word' id='word_1_210' title='bbox 362 2449 430 2503; x_wconf 85' lang='lat' dir='ltr'>circe</span> <span class='ocrx_word' id='word_1_211' title='bbox 450 2461 589 2508; x_wconf 85' lang='lat' dir='ltr'>retrectutn</span> <span class='ocrx_word' id='word_1_212' title='bbox 607 2455 741 2521; x_wconf 82' lang='lat' dir='ltr'>obtinent,</span> <span class='ocrx_word' id='word_1_213' title='bbox 769 2457 821 2510; x_wconf 88' lang='lat' dir='ltr'>eid.</span> <span class='ocrx_word' id='word_1_214' title='bbox 849 2459 935 2513; x_wconf 84' lang='lat' dir='ltr'>Struv.</span> <span class='ocrx_word' id='word_1_215' title='bbox 959 2461 1069 2515; x_wconf 73' lang='lat' dir='ltr'>exercit.</span> <span class='ocrx_word' id='word_1_216' title='bbox 1094 2461 1139 2514; x_wconf 76' lang='grc'>23.</span> 
     </span>
     <span class='ocr_line' id='line_1_27' title="bbox 313 2521 1136 2602; baseline 0.023 -20"><span class='ocrx_word' id='word_1_217' title='bbox 313 2521 336 2583; x_wconf 80' lang='grc' dir='ltr'>θ.</span> <span class='ocrx_word' id='word_1_218' title='bbox 354 2531 399 2586; x_wconf 76' lang='grc'>62.</span> <span class='ocrx_word' id='word_1_219' title='bbox 416 2535 462 2588; x_wconf 91' lang='lat' dir='ltr'>nbi</span> <span class='ocrx_word' id='word_1_220' title='bbox 486 2537 567 2590; x_wconf 81' lang='lat' dir='ltr'>erlem</span> <span class='ocrx_word' id='word_1_221' title='bbox 594 2539 631 2592; x_wconf 91' lang='lat' dir='ltr'>rei</span> <span class='ocrx_word' id='word_1_222' title='bbox 659 2540 689 2592; x_wconf 93' lang='lat' dir='ltr'>in</span> <span class='ocrx_word' id='word_1_223' title='bbox 717 2539 802 2596; x_wconf 88' lang='lat' dir='ltr'>dotem</span> <span class='ocrx_word' id='word_1_224' title='bbox 828 2545 963 2599; x_wconf 85' lang='lat' dir='ltr'>eestimeto</span> <span class='ocrx_word' id='word_1_225' title='bbox 988 2545 1060 2602; x_wconf 80' lang='lat' dir='ltr'>deine</span> <span class='ocrx_word' id='word_1_226' title='bbox 1084 2564 1136 2600; x_wconf 83' lang='lat' dir='ltr'>nne·</span> 
     </span>
     <span class='ocr_line' id='line_1_28' title="bbox 313 2616 412 2669; baseline -0.01 0"><span class='ocrx_word' id='word_1_227' title='bbox 313 2616 412 2669; x_wconf 88' lang='lat' dir='ltr'>tninit.</span> 
     </span>
    </p>

    <p class='ocr_par' dir='ltr' id='par_1_5' title="bbox 306 2699 1140 5522">
     <span class='ocr_line' id='line_1_29' title="bbox 350 2699 1139 2784; baseline 0.024 -34"><span class='ocrx_word' id='word_1_228' title='bbox 350 2699 490 2754; x_wconf 87' lang='lat' dir='ltr'>Diversum</span> <span class='ocrx_word' id='word_1_229' title='bbox 508 2721 523 2754; x_wconf 91' lang='lat' dir='ltr'>e</span> <span class='ocrx_word' id='word_1_230' title='bbox 543 2703 652 2760; x_wconf 88' lang='lat' dir='ltr'>detione</span> <span class='ocrx_word' id='word_1_231' title='bbox 672 2705 700 2758; x_wconf 90' lang='lat' dir='ltr'>in</span> <span class='ocrx_word' id='word_1_232' title='bbox 721 2707 834 2763; x_wconf 88' lang='lat' dir='ltr'>solutum</span> <span class='ocrx_word' id='word_1_233' title='bbox 852 2709 953 2766; x_wconf 88' lang='lat' dir='ltr'>obtinet</span> <span class='ocrx_word' id='word_1_234' title='bbox 984 2713 1011 2765; x_wconf 87' lang='lat' dir='ltr'>ln</span> <span class='ocrx_word' id='word_1_235' title='bbox 1032 2731 1139 2784; x_wconf 86' lang='lat' dir='ltr'>perron·</span> 
     </span>
     <span class='ocr_line' id='line_1_30' title="bbox 312 2783 1136 2862; baseline 0.021 -28"><span class='ocrx_word' id='word_1_236' title='bbox 312 2783 424 2850; x_wconf 76' lang='lat' dir='ltr'>tatione,</span> <span class='ocrx_word' id='word_1_237' title='bbox 441 2804 505 2857; x_wconf 88' lang='lat' dir='ltr'>quee</span> <span class='ocrx_word' id='word_1_238' title='bbox 524 2789 586 2841; x_wconf 89' lang='lat' dir='ltr'>lieet</span> <span class='ocrx_word' id='word_1_239' title='bbox 605 2791 657 2842; x_wconf 86' lang='lat' dir='ltr'>lete</span> <span class='ocrx_word' id='word_1_240' title='bbox 675 2790 723 2842; x_wconf 91' lang='lat' dir='ltr'>sub</span> <span class='ocrx_word' id='word_1_241' title='bbox 742 2811 765 2845; x_wconf 92' lang='lat' dir='ltr'>e.</span> <span class='ocrx_word' id='word_1_242' title='bbox 784 2811 806 2845; x_wconf 94' lang='grc' dir='ltr'>ι.</span> <span class='ocrx_word' id='word_1_243' title='bbox 832 2795 911 2846; x_wconf 88' lang='lat' dir='ltr'>etiem</span> <span class='ocrx_word' id='word_1_244' title='bbox 945 2797 1136 2862; x_wconf 85' lang='lat' dir='ltr'>continentur,</span> 
     </span>
     <span class='ocr_line' id='line_1_31' title="bbox 311 2874 1138 2943; baseline 0.017 -24"><span class='ocrx_word' id='word_1_245' title='bbox 311 2876 367 2922; x_wconf 84' lang='lat' dir='ltr'>inne</span> <span class='ocrx_word' id='word_1_246' title='bbox 387 2885 494 2941; x_wconf 88' lang='lat' dir='ltr'>propter</span> <span class='ocrx_word' id='word_1_247' title='bbox 512 2874 644 2940; x_wconf 76' lang='lat' dir='ltr'>originem</span> <span class='ocrx_word' id='word_1_248' title='bbox 665 2877 810 2943; x_wconf 80' lang='lat' dir='ltr'>eruptionis</span> <span class='ocrx_word' id='word_1_249' title='bbox 827 2888 852 2927; x_wconf 90' lang='lat' dir='ltr'>et</span> <span class='ocrx_word' id='word_1_250' title='bbox 883 2876 1043 2929; x_wconf 77' lang='lat' dir='ltr'>venditionis</span> <span class='ocrx_word' id='word_1_251' title='bbox 1075 2879 1138 2933; x_wconf 85' lang='lat' dir='ltr'>inde</span> 
     </span>
     <span class='ocr_line' id='line_1_32' title="bbox 312 2953 1134 3030; baseline 0.007 -24"><span class='ocrx_word' id='word_1_252' title='bbox 312 2953 500 3016; x_wconf 86' lang='lat' dir='ltr'>resultentem,</span> <span class='ocrx_word' id='word_1_253' title='bbox 522 2968 576 3008; x_wconf 89' lang='lat' dir='ltr'>tum</span> <span class='ocrx_word' id='word_1_254' title='bbox 599 2969 713 3026; x_wconf 88' lang='lat' dir='ltr'>propter</span> <span class='ocrx_word' id='word_1_255' title='bbox 731 2959 784 3010; x_wconf 78' lang='lat' dir='ltr'>elie</span> <span class='ocrx_word' id='word_1_256' title='bbox 802 2961 926 3027; x_wconf 89' lang='lat' dir='ltr'>queedem</span> <span class='ocrx_word' id='word_1_257' title='bbox 946 2961 1050 3030; x_wconf 90' lang='lat' dir='ltr'>utrique</span> <span class='ocrx_word' id='word_1_258' title='bbox 1068 2979 1134 3014; x_wconf 89' lang='lat' dir='ltr'>corn-</span> 
     </span>
     <span class='ocr_line' id='line_1_33' title="bbox 312 3037 1135 3112; baseline 0.013 -25"><span class='ocrx_word' id='word_1_259' title='bbox 312 3037 419 3101; x_wconf 79' lang='lat' dir='ltr'>muuie;</span> <span class='ocrx_word' id='word_1_260' title='bbox 440 3039 532 3090; x_wconf 86' lang='lat' dir='ltr'>stricte</span> <span class='ocrx_word' id='word_1_261' title='bbox 554 3048 640 3090; x_wconf 90' lang='lat' dir='ltr'>temen</span> <span class='ocrx_word' id='word_1_262' title='bbox 661 3040 763 3093; x_wconf 90' lang='lat' dir='ltr'>retinne</span> <span class='ocrx_word' id='word_1_263' title='bbox 782 3041 916 3111; x_wconf 87' lang='lat' dir='ltr'>inspecte,</span> <span class='ocrx_word' id='word_1_264' title='bbox 936 3059 1004 3112; x_wconf 91' lang='lat' dir='ltr'>quee</span> <span class='ocrx_word' id='word_1_265' title='bbox 1027 3043 1054 3095; x_wconf 88' lang='lat' dir='ltr'>in</span> <span class='ocrx_word' id='word_1_266' title='bbox 1086 3056 1135 3098; x_wconf 89' lang='lat' dir='ltr'>ste-</span> 
     </span>
     <span class='ocr_line' id='line_1_34' title="bbox 311 3117 1132 3194; baseline 0.012 -24"><span class='ocrx_word' id='word_1_267' title='bbox 311 3117 377 3170; x_wconf 86' lang='lat' dir='ltr'>iutis</span> <span class='ocrx_word' id='word_1_268' title='bbox 394 3120 689 3190; x_wconf 84' lang='lat' dir='ltr'>consuetudinibusque</span> <span class='ocrx_word' id='word_1_269' title='bbox 709 3124 918 3194; x_wconf 85' lang='lat' dir='ltr'>preepouderet,</span> <span class='ocrx_word' id='word_1_270' title='bbox 945 3125 1014 3178; x_wconf 86' lang='lat' dir='ltr'>eliud</span> <span class='ocrx_word' id='word_1_271' title='bbox 1042 3127 1132 3180; x_wconf 89' lang='lat' dir='ltr'>vendi·</span> 
     </span>
     <span class='ocr_line' id='line_1_35' title="bbox 312 3201 1133 3278; baseline 0.016 -26"><span class='ocrx_word' id='word_1_272' title='bbox 312 3201 350 3258; x_wconf 88' lang='lat' dir='ltr'>eio</span> <span class='ocrx_word' id='word_1_273' title='bbox 367 3202 434 3268; x_wconf 88' lang='lat' dir='ltr'>erit,</span> <span class='ocrx_word' id='word_1_274' title='bbox 451 3203 523 3256; x_wconf 89' lang='lat' dir='ltr'>eliud</span> <span class='ocrx_word' id='word_1_275' title='bbox 543 3207 716 3273; x_wconf 70' lang='lat' dir='ltr'>pernuntio,</span> <span class='ocrx_word' id='word_1_276' title='bbox 734 3209 753 3262; x_wconf 88' lang='lat' dir='ltr'>l.</span> <span class='ocrx_word' id='word_1_277' title='bbox 770 3206 840 3276; x_wconf 81' lang='lat' dir='ltr'><strong><em>¹·ff·</em></strong></span> <span class='ocrx_word' id='word_1_278' title='bbox 853 3208 885 3262; x_wconf 78' lang='lat' dir='ltr'>tie</span> <span class='ocrx_word' id='word_1_279' title='bbox 908 3225 960 3263; x_wconf 83' lang='lat' dir='ltr'>rer.</span> <span class='ocrx_word' id='word_1_280' title='bbox 981 3222 1096 3278; x_wconf 74' lang='lat' dir='ltr'>pereunt,</span> <span class='ocrx_word' id='word_1_281' title='bbox 1115 3213 1133 3265; x_wconf 91' lang='lat' dir='ltr'>l.</span> 
     </span>
     <span class='ocr_line' id='line_1_36' title="bbox 313 3283 1131 3359; baseline 0.02 -25"><span class='ocrx_word' id='word_1_282' title='bbox 313 3283 338 3336; x_wconf 82' lang='lat' dir='ltr'>ii.</span> <span class='ocrx_word' id='word_1_283' title='bbox 356 3289 377 3346; x_wconf 72' lang='grc' dir='ltr'>ς.</span> <span class='ocrx_word' id='word_1_284' title='bbox 399 3287 423 3336; x_wconf 91' lang='grc'>1.</span> <span class='ocrx_word' id='word_1_285' title='bbox 441 3285 485 3338; x_wconf 79' lang='lat' dir='ltr'>iti.</span> <span class='ocrx_word' id='word_1_286' title='bbox 506 3289 570 3355; x_wconf 82' lang='lat' dir='ltr'>quic</span> <span class='ocrx_word' id='word_1_287' title='bbox 591 3305 647 3341; x_wconf 86' lang='lat' dir='ltr'>non</span> <span class='ocrx_word' id='word_1_288' title='bbox 672 3290 761 3356; x_wconf 79' lang='lat' dir='ltr'>placei</span> <span class='ocrx_word' id='word_1_289' title='bbox 783 3296 1013 3359; x_wconf 80' lang='lat' dir='ltr'>permutationem</span> <span class='ocrx_word' id='word_1_290' title='bbox 1040 3313 1131 3352; x_wconf 84' lang='lat' dir='ltr'>rerum</span> 
     </span>
     <span class='ocr_line' id='line_1_37' title="bbox 313 3369 1131 3444; baseline 0.012 -23"><span class='ocrx_word' id='word_1_291' title='bbox 313 3369 476 3437; x_wconf 84' lang='lat' dir='ltr'>emptionem</span> <span class='ocrx_word' id='word_1_292' title='bbox 489 3387 555 3424; x_wconf 85' lang='lat' dir='ltr'>esse.</span> <span class='ocrx_word' id='word_1_293' title='bbox 574 3369 617 3439; x_wconf 78' lang='lat' dir='ltr'>ff.</span> <span class='ocrx_word' id='word_1_294' title='bbox 642 3369 675 3425; x_wconf 79' lang='lat' dir='ltr'>de</span> <span class='ocrx_word' id='word_1_295' title='bbox 691 3391 813 3444; x_wconf 79' lang='lat' dir='ltr'>praesen.</span> <span class='ocrx_word' id='word_1_296' title='bbox 832 3375 907 3428; x_wconf 83' lang='lat' dir='ltr'>ceri.</span> <span class='ocrx_word' id='word_1_297' title='bbox 927 3377 1087 3433; x_wconf 83' lang='lat' dir='ltr'>Wesenhec·</span> <span class='ocrx_word' id='word_1_298' title='bbox 1106 3379 1131 3432; x_wconf 83' lang='lat' dir='ltr'>d.</span> 
     </span>
     <span class='ocr_line' id='line_1_38' title="bbox 314 3450 1133 3522; baseline 0.011 -18"><span class='ocrx_word' id='word_1_299' title='bbox 314 3467 366 3504; x_wconf 84' lang='lat' dir='ltr'>rer.</span> <span class='ocrx_word' id='word_1_300' title='bbox 383 3467 465 3512; x_wconf 81' lang='lat' dir='ltr'>peren.</span> <span class='ocrx_word' id='word_1_301' title='bbox 486 3450 603 3522; x_wconf 82' lang='lat' dir='ltr'>ideoque</span> <span class='ocrx_word' id='word_1_302' title='bbox 621 3465 765 3519; x_wconf 84' lang='lat' dir='ltr'>retrsetus,</span> <span class='ocrx_word' id='word_1_303' title='bbox 785 3472 838 3508; x_wconf 88' lang='lat' dir='ltr'>non</span> <span class='ocrx_word' id='word_1_304' title='bbox 857 3455 955 3509; x_wconf 85' lang='lat' dir='ltr'>reiebit</span> <span class='ocrx_word' id='word_1_305' title='bbox 973 3458 1048 3510; x_wconf 80' lang='lat' dir='ltr'>reisue</span> <span class='ocrx_word' id='word_1_306' title='bbox 1069 3457 1133 3512; x_wconf 89' lang='lat' dir='ltr'>hinc</span> 
     </span>
     <span class='ocr_line' id='line_1_39' title="bbox 313 3533 1131 3603; baseline 0.011 -19"><span class='ocrx_word' id='word_1_307' title='bbox 313 3533 377 3585; x_wconf 85' lang='lat' dir='ltr'>inde</span> <span class='ocrx_word' id='word_1_308' title='bbox 396 3535 563 3603; x_wconf 85' lang='lat' dir='ltr'>permutetis.</span> <span class='ocrx_word' id='word_1_309' title='bbox 585 3537 707 3591; x_wconf 83' lang='lat' dir='ltr'>Richter.</span> <span class='ocrx_word' id='word_1_310' title='bbox 725 3540 751 3592; x_wconf 82' lang='lat' dir='ltr'>d.</span> <span class='ocrx_word' id='word_1_311' title='bbox 769 3540 825 3593; x_wconf 80' lang='lat' dir='ltr'>circ.</span> <span class='ocrx_word' id='word_1_312' title='bbox 844 3557 871 3590; x_wconf 90' lang='grc' dir='ltr'>ιι.</span> <span class='ocrx_word' id='word_1_313' title='bbox 892 3539 951 3592; x_wconf 81' lang='grc'><strong><em>173.</em></strong></span> <span class='ocrx_word' id='word_1_314' title='bbox 970 3541 1064 3594; x_wconf 77' lang='lat' dir='ltr'>Viviue</span> <span class='ocrx_word' id='word_1_315' title='bbox 1085 3539 1131 3593; x_wconf 80' lang='lat' dir='ltr'>itt.</span> 
     </span>
     <span class='ocr_line' id='line_1_40' title="bbox 313 3615 1135 3685; baseline 0.012 -19"><span class='ocrx_word' id='word_1_316' title='bbox 313 3615 340 3666; x_wconf 79' lang='lat'>2.</span> <span class='ocrx_word' id='word_1_317' title='bbox 359 3616 416 3668; x_wconf 73' lang='lat' dir='ltr'>dec</span> <span class='ocrx_word' id='word_1_318' title='bbox 433 3616 496 3668; x_wconf 75' lang='grc'><strong><em>2211.</em></strong></span> <span class='ocrx_word' id='word_1_319' title='bbox 516 3616 597 3685; x_wconf 83' lang='lat' dir='ltr'>idque</span> <span class='ocrx_word' id='word_1_320' title='bbox 616 3632 720 3672; x_wconf 88' lang='lat' dir='ltr'>cevetur</span> <span class='ocrx_word' id='word_1_321' title='bbox 738 3621 768 3672; x_wconf 86' lang='lat' dir='ltr'>in</span> <span class='ocrx_word' id='word_1_322' title='bbox 787 3620 978 3675; x_wconf 82' lang='lat' dir='ltr'>constitutione</span> <span class='ocrx_word' id='word_1_323' title='bbox 999 3621 1135 3677; x_wconf 84' lang='lat' dir='ltr'>Fritierici</span> 
     </span>
     <span class='ocr_line' id='line_1_41' title="bbox 311 3702 1130 3769; baseline 0.012 -21"><span class='ocrx_word' id='word_1_324' title='bbox 311 3712 384 3751; x_wconf 79' lang='lat' dir='ltr'>verr.</span> <span class='ocrx_word' id='word_1_325' title='bbox 402 3716 439 3751; x_wconf 80' lang='lat' dir='ltr'>erc</span> <span class='ocrx_word' id='word_1_326' title='bbox 456 3716 540 3753; x_wconf 83' lang='lat' dir='ltr'>consu</span> <span class='ocrx_word' id='word_1_327' title='bbox 553 3712 658 3753; x_wconf 87' lang='lat' dir='ltr'>tomen.</span> <span class='ocrx_word' id='word_1_328' title='bbox 672 3702 745 3756; x_wconf 81' lang='lat' dir='ltr'>veri.</span> <span class='ocrx_word' id='word_1_329' title='bbox 767 3703 978 3769; x_wconf 82' lang='lat' dir='ltr'>permutatione.</span> <span class='ocrx_word' id='word_1_330' title='bbox 999 3703 1076 3756; x_wconf 84' lang='lat' dir='ltr'>hliurl</span> <span class='ocrx_word' id='word_1_331' title='bbox 1097 3717 1130 3760; x_wconf 90' lang='lat' dir='ltr'>te·</span> 
     </span>
     <span class='ocr_line' id='line_1_42' title="bbox 314 3779 1133 3855; baseline 0.012 -23"><span class='ocrx_word' id='word_1_332' title='bbox 314 3797 375 3833; x_wconf 89' lang='lat' dir='ltr'>rnen</span> <span class='ocrx_word' id='word_1_333' title='bbox 394 3779 534 3834; x_wconf 89' lang='lat' dir='ltr'>dicendum</span> <span class='ocrx_word' id='word_1_334' title='bbox 560 3783 630 3846; x_wconf 88' lang='lat' dir='ltr'>erit,</span> <span class='ocrx_word' id='word_1_335' title='bbox 650 3785 672 3834; x_wconf 92' lang='lat' dir='ltr'>si</span> <span class='ocrx_word' id='word_1_336' title='bbox 692 3785 786 3853; x_wconf 84' lang='lat' dir='ltr'>pertine</span> <span class='ocrx_word' id='word_1_337' title='bbox 808 3787 938 3854; x_wconf 84' lang='lat' dir='ltr'>pretinm,</span> <span class='ocrx_word' id='word_1_338' title='bbox 965 3786 1061 3855; x_wconf 82' lang='lat' dir='ltr'>purtim</span> <span class='ocrx_word' id='word_1_339' title='bbox 1089 3803 1133 3842; x_wconf 90' lang='lat' dir='ltr'>res</span> 
     </span>
     <span class='ocr_line' id='line_1_43' title="bbox 314 3861 1133 3937; baseline 0.013 -22"><span class='ocrx_word' id='word_1_340' title='bbox 314 3863 365 3916; x_wconf 87' lang='lat' dir='ltr'>elie</span> <span class='ocrx_word' id='word_1_341' title='bbox 385 3863 474 3922; x_wconf 86' lang='lat' dir='ltr'>detur,</span> <span class='ocrx_word' id='word_1_342' title='bbox 493 3877 552 3916; x_wconf 89' lang='lat' dir='ltr'>tnnc</span> <span class='ocrx_word' id='word_1_343' title='bbox 570 3861 641 3918; x_wconf 82' lang='lat' dir='ltr'>enine</span> <span class='ocrx_word' id='word_1_344' title='bbox 669 3869 830 3934; x_wconf 71' lang='lat' dir='ltr'>piruevslente</span> <span class='ocrx_word' id='word_1_345' title='bbox 862 3869 988 3937; x_wconf 81' lang='lat' dir='ltr'>pecunie,</span> <span class='ocrx_word' id='word_1_346' title='bbox 1015 3870 1133 3927; x_wconf 85' lang='lat' dir='ltr'>venditio</span> 
     </span>
     <span class='ocr_line' id='line_1_44' title="bbox 315 3945 1129 4016; baseline 0.015 -20"><span class='ocrx_word' id='word_1_347' title='bbox 315 3945 385 4011; x_wconf 85' lang='lat' dir='ltr'>erit,</span> <span class='ocrx_word' id='word_1_348' title='bbox 403 3955 429 3998; x_wconf 91' lang='lat' dir='ltr'>el</span> <span class='ocrx_word' id='word_1_349' title='bbox 448 3947 576 4012; x_wconf 90' lang='lat' dir='ltr'>slterurn,</span> <span class='ocrx_word' id='word_1_350' title='bbox 597 3947 665 4015; x_wconf 82' lang='lat' dir='ltr'>quoti</span> <span class='ocrx_word' id='word_1_351' title='bbox 685 3952 776 4016; x_wconf 76' lang='lat' dir='ltr'>detur,</span> <span class='ocrx_word' id='word_1_352' title='bbox 795 3953 879 4006; x_wconf 91' lang='lat' dir='ltr'>iusier</span> <span class='ocrx_word' id='word_1_353' title='bbox 896 3952 1070 4007; x_wconf 87' lang='lat' dir='ltr'>edditeenenti</span> <span class='ocrx_word' id='word_1_354' title='bbox 1088 3956 1129 4008; x_wconf 80' lang='lat' dir='ltr'>ite</span> 
     </span>
     <span class='ocr_line' id='line_1_45' title="bbox 314 4023 1134 4100; baseline 0.016 -20"><span class='ocrx_word' id='word_1_355' title='bbox 314 4023 408 4096; x_wconf 80' lang='lat' dir='ltr'>betur,</span> <span class='ocrx_word' id='word_1_356' title='bbox 442 4031 484 4084; x_wconf 86' lang='lat' dir='ltr'>nis</span> <span class='ocrx_word' id='word_1_357' title='bbox 501 4029 561 4084; x_wconf 87' lang='lat' dir='ltr'>eine</span> <span class='ocrx_word' id='word_1_358' title='bbox 579 4033 704 4100; x_wconf 70' lang='lat' dir='ltr'>Zugube,</span> <span class='ocrx_word' id='word_1_359' title='bbox 724 4037 811 4090; x_wconf 76' lang='lat' dir='ltr'>strue.</span> <span class='ocrx_word' id='word_1_360' title='bbox 841 4053 930 4090; x_wconf 72' lang='lat' dir='ltr'>erere.</span> <span class='ocrx_word' id='word_1_361' title='bbox 962 4037 1005 4089; x_wconf 72' lang='grc'>13.</span> <span class='ocrx_word' id='word_1_362' title='bbox 1036 4029 1058 4090; x_wconf 83' lang='grc' dir='ltr'>θ.</span> <span class='ocrx_word' id='word_1_363' title='bbox 1088 4041 1134 4093; x_wconf 83' lang='lat' dir='ltr'>iiii.</span> 
     </span>
     <span class='ocr_line' id='line_1_46' title="bbox 316 4114 1131 4188; baseline 0.016 -23"><span class='ocrx_word' id='word_1_364' title='bbox 316 4114 438 4170; x_wconf 80' lang='lat' dir='ltr'>Freutnh·</span> <span class='ocrx_word' id='word_1_365' title='bbox 457 4118 489 4172; x_wconf 85' lang='lat' dir='ltr'>de</span> <span class='ocrx_word' id='word_1_366' title='bbox 508 4119 634 4170; x_wconf 79' lang='lat' dir='ltr'>contrad.</span> <span class='ocrx_word' id='word_1_367' title='bbox 653 4129 732 4188; x_wconf 83' lang='lat' dir='ltr'>empt.</span> <span class='ocrx_word' id='word_1_368' title='bbox 752 4139 781 4172; x_wconf 88' lang='grc' dir='ltr'>ιι.</span> <span class='ocrx_word' id='word_1_369' title='bbox 800 4121 862 4172; x_wconf 71' lang='lat' dir='ltr'>nti.</span> <span class='ocrx_word' id='word_1_370' title='bbox 882 4121 1001 4176; x_wconf 79' lang='lat' dir='ltr'>Richter.</span> <span class='ocrx_word' id='word_1_371' title='bbox 1025 4141 1048 4177; x_wconf 90' lang='lat' dir='ltr'>c.</span> <span class='ocrx_word' id='word_1_372' title='bbox 1066 4125 1084 4176; x_wconf 90' lang='grc'>1.</span> <span class='ocrx_word' id='word_1_373' title='bbox 1102 4143 1131 4178; x_wconf 86' lang='lat' dir='ltr'>n.</span> 
     </span>
     <span class='ocr_line' id='line_1_47' title="bbox 319 4199 1133 4270; baseline 0.011 -20"><span class='ocrx_word' id='word_1_374' title='bbox 319 4199 382 4250; x_wconf 88' lang='grc'><strong><em>181.</em></strong></span> <span class='ocrx_word' id='word_1_375' title='bbox 402 4199 526 4270; x_wconf 82' lang='lat' dir='ltr'>Cerpsus.</span> <span class='ocrx_word' id='word_1_376' title='bbox 537 4218 564 4267; x_wconf 85' lang='lat' dir='ltr'>p.</span> <span class='ocrx_word' id='word_1_377' title='bbox 577 4201 602 4250; x_wconf 71' lang='grc'>2.</span> <span class='ocrx_word' id='word_1_378' title='bbox 615 4219 638 4254; x_wconf 87' lang='grc' dir='ltr'>ι.</span> <span class='ocrx_word' id='word_1_379' title='bbox 651 4203 694 4255; x_wconf 69' lang='grc'>31.</span> <span class='ocrx_word' id='word_1_380' title='bbox 713 4202 739 4255; x_wconf 85' lang='lat' dir='ltr'>d.</span> <span class='ocrx_word' id='word_1_381' title='bbox 756 4203 799 4255; x_wconf 81' lang='lat' dir='ltr'>sl.</span> <span class='ocrx_word' id='word_1_382' title='bbox 824 4205 867 4268; x_wconf 84' lang='lat' dir='ltr'>ttt,</span> <span class='ocrx_word' id='word_1_383' title='bbox 891 4202 967 4259; x_wconf 83' lang='lat' dir='ltr'>Beer·</span> <span class='ocrx_word' id='word_1_384' title='bbox 986 4207 1042 4261; x_wconf 80' lang='lat' dir='ltr'>deo.</span> <span class='ocrx_word' id='word_1_385' title='bbox 1071 4207 1133 4260; x_wconf 90' lang='lat' dir='ltr'>ttt.</span> 
     </span>
     <span class='ocr_line' id='line_1_48' title="bbox 317 4279 1140 4364; baseline 0.016 -28"><span class='ocrx_word' id='word_1_386' title='bbox 317 4283 350 4336; x_wconf 87' lang='lat' dir='ltr'>Et</span> <span class='ocrx_word' id='word_1_387' title='bbox 381 4286 430 4338; x_wconf 91' lang='lat' dir='ltr'>hoc</span> <span class='ocrx_word' id='word_1_388' title='bbox 448 4287 588 4340; x_wconf 75' lang='lat' dir='ltr'>discrimen</span> <span class='ocrx_word' id='word_1_389' title='bbox 608 4287 639 4337; x_wconf 89' lang='lat' dir='ltr'>ed</span> <span class='ocrx_word' id='word_1_390' title='bbox 659 4303 745 4342; x_wconf 84' lang='lat' dir='ltr'>cusum</span> <span class='ocrx_word' id='word_1_391' title='bbox 765 4287 874 4344; x_wconf 86' lang='lat' dir='ltr'>dubium</span> <span class='ocrx_word' id='word_1_392' title='bbox 901 4291 946 4344; x_wconf 89' lang='lat' dir='ltr'>dd.</span> <span class='ocrx_word' id='word_1_393' title='bbox 975 4279 1140 4364; x_wconf 70' lang='lat' dir='ltr'>restringere</span> 
     </span>
     <span class='ocr_line' id='line_1_49' title="bbox 319 4368 1134 4445; baseline 0.01 -23"><span class='ocrx_word' id='word_1_394' title='bbox 319 4370 419 4430; x_wconf 89' lang='lat' dir='ltr'>solent,</span> <span class='ocrx_word' id='word_1_395' title='bbox 438 4368 541 4438; x_wconf 76' lang='lat' dir='ltr'>quondo</span> <span class='ocrx_word' id='word_1_396' title='bbox 560 4369 615 4422; x_wconf 86' lang='lat' dir='ltr'>scil.</span> <span class='ocrx_word' id='word_1_397' title='bbox 634 4369 666 4422; x_wconf 85' lang='lat' dir='ltr'>tie</span> <span class='ocrx_word' id='word_1_398' title='bbox 686 4371 799 4438; x_wconf 85' lang='lat' dir='ltr'>pertiom</span> <span class='ocrx_word' id='word_1_399' title='bbox 819 4372 962 4440; x_wconf 89' lang='lat' dir='ltr'>voiuntete,</span> <span class='ocrx_word' id='word_1_400' title='bbox 975 4383 1000 4427; x_wconf 85' lang='grc' dir='ltr'>ιι</span> <span class='ocrx_word' id='word_1_401' title='bbox 1016 4375 1079 4445; x_wconf 87' lang='lat' dir='ltr'>qnid</span> <span class='ocrx_word' id='word_1_402' title='bbox 1092 4377 1134 4430; x_wconf 86' lang='lat' dir='ltr'>iu-</span> 
     </span>
     <span class='ocr_line' id='line_1_50' title="bbox 318 4451 1134 4524; baseline 0.011 -23"><span class='ocrx_word' id='word_1_403' title='bbox 318 4459 359 4501; x_wconf 90' lang='lat' dir='ltr'>ter</span> <span class='ocrx_word' id='word_1_404' title='bbox 377 4451 557 4504; x_wconf 89' lang='lat' dir='ltr'>contreheutee</span> <span class='ocrx_word' id='word_1_405' title='bbox 576 4452 758 4520; x_wconf 71' lang='lat' dir='ltr'>principaliter</span> <span class='ocrx_word' id='word_1_406' title='bbox 775 4464 861 4506; x_wconf 85' lang='lat' dir='ltr'>ectum</span> <span class='ocrx_word' id='word_1_407' title='bbox 881 4455 935 4521; x_wconf 89' lang='lat' dir='ltr'>eit,</span> <span class='ocrx_word' id='word_1_408' title='bbox 954 4467 1134 4524; x_wconf 75' lang='lat' dir='ltr'>nonocnetetp</span> 
     </span>
     <span class='ocr_line' id='line_1_51' title="bbox 318 4531 1133 4602; baseline 0.007 -18"><span class='ocrx_word' id='word_1_409' title='bbox 318 4549 380 4584; x_wconf 86' lang='lat' dir='ltr'>nem</span> <span class='ocrx_word' id='word_1_410' title='bbox 400 4531 462 4582; x_wconf 84' lang='lat' dir='ltr'>elles</span> <span class='ocrx_word' id='word_1_411' title='bbox 481 4547 521 4583; x_wconf 92' lang='lat' dir='ltr'>res</span> <span class='ocrx_word' id='word_1_412' title='bbox 540 4547 571 4582; x_wconf 84' lang='lat' dir='ltr'>ex</span> <span class='ocrx_word' id='word_1_413' title='bbox 592 4531 744 4585; x_wconf 91' lang='lat' dir='ltr'>intentione</span> <span class='ocrx_word' id='word_1_414' title='bbox 762 4534 879 4602; x_wconf 88' lang='lat' dir='ltr'>ipsorum</span> <span class='ocrx_word' id='word_1_415' title='bbox 904 4532 1062 4602; x_wconf 84' lang='lat' dir='ltr'>dijudicetur</span> <span class='ocrx_word' id='word_1_416' title='bbox 1080 4553 1133 4590; x_wconf 87' lang='lat' dir='ltr'>oon</span> 
     </span>
     <span class='ocr_line' id='line_1_52' title="bbox 317 4615 1135 4688; baseline 0.011 -23"><span class='ocrx_word' id='word_1_417' title='bbox 317 4625 416 4668; x_wconf 85' lang='lat' dir='ltr'>sitente</span> <span class='ocrx_word' id='word_1_418' title='bbox 437 4615 482 4666; x_wconf 84' lang='lat' dir='ltr'>iiie</span> <span class='ocrx_word' id='word_1_419' title='bbox 502 4615 689 4682; x_wconf 86' lang='lat' dir='ltr'>distinctione,</span> <span class='ocrx_word' id='word_1_420' title='bbox 708 4633 740 4666; x_wconf 83' lang='lat' dir='ltr'>un</span> <span class='ocrx_word' id='word_1_421' title='bbox 760 4619 866 4684; x_wconf 79' lang='grc' dir='ltr'>ριιιιι1ι</span> <span class='ocrx_word' id='word_1_422' title='bbox 880 4618 917 4671; x_wconf 89' lang='lat' dir='ltr'>rei</span> <span class='ocrx_word' id='word_1_423' title='bbox 933 4620 1075 4688; x_wconf 88' lang='lat' dir='ltr'>prscveleet</span> <span class='ocrx_word' id='word_1_424' title='bbox 1087 4637 1135 4674; x_wconf 88' lang='lat' dir='ltr'>nec</span> 
     </span>
     <span class='ocr_line' id='line_1_53' title="bbox 316 4695 1134 4769; baseline 0.007 -19"><span class='ocrx_word' id='word_1_425' title='bbox 316 4713 371 4764; x_wconf 81' lang='lat' dir='ltr'>rte,</span> <span class='ocrx_word' id='word_1_426' title='bbox 389 4698 407 4752; x_wconf 91' lang='lat' dir='ltr'>i.</span> <span class='ocrx_word' id='word_1_427' title='bbox 427 4696 471 4751; x_wconf 85' lang='grc'>31.</span> <span class='ocrx_word' id='word_1_428' title='bbox 490 4697 516 4750; x_wconf 82' lang='lat' dir='ltr'>d.</span> <span class='ocrx_word' id='word_1_429' title='bbox 535 4715 556 4750; x_wconf 85' lang='lat' dir='ltr'>r.</span> <span class='ocrx_word' id='word_1_430' title='bbox 577 4699 597 4750; x_wconf 84' lang='lat' dir='ltr'>i.</span> <span class='ocrx_word' id='word_1_431' title='bbox 614 4698 639 4749; x_wconf 78' lang='lat' dir='ltr'>n.</span> <span class='ocrx_word' id='word_1_432' title='bbox 659 4695 681 4769; x_wconf 72' lang='grc'>5.</span> <span class='ocrx_word' id='word_1_433' title='bbox 703 4703 728 4752; x_wconf 95' lang='grc'>1.</span> <span class='ocrx_word' id='word_1_434' title='bbox 744 4698 771 4750; x_wconf 85' lang='lat' dir='ltr'>d.</span> <span class='ocrx_word' id='word_1_435' title='bbox 790 4712 843 4754; x_wconf 88' lang='lat' dir='ltr'>net.</span> <span class='ocrx_word' id='word_1_436' title='bbox 859 4711 937 4767; x_wconf 84' lang='lat' dir='ltr'>empt·</span> <span class='ocrx_word' id='word_1_437' title='bbox 963 4705 1049 4758; x_wconf 84' lang='lat' dir='ltr'>Struv.</span> <span class='ocrx_word' id='word_1_438' title='bbox 1074 4720 1098 4757; x_wconf 86' lang='lat' dir='ltr'>c.</span> <span class='ocrx_word' id='word_1_439' title='bbox 1115 4705 1134 4757; x_wconf 89' lang='lat' dir='ltr'>i.</span> 
     </span>
     <span class='ocr_line' id='line_1_54' title="bbox 321 4774 1133 4857; baseline 0.007 -21"><span class='ocrx_word' id='word_1_440' title='bbox 321 4774 344 4836; x_wconf 77' lang='grc' dir='ltr'>θ.</span> <span class='ocrx_word' id='word_1_441' title='bbox 364 4785 408 4836; x_wconf 92' lang='grc'>17.</span> <span class='ocrx_word' id='word_1_442' title='bbox 427 4781 502 4837; x_wconf 89' lang='lat' dir='ltr'>Circe</span> <span class='ocrx_word' id='word_1_443' title='bbox 522 4783 572 4836; x_wconf 89' lang='lat' dir='ltr'>hoc</span> <span class='ocrx_word' id='word_1_444' title='bbox 591 4792 676 4836; x_wconf 84' lang='lat' dir='ltr'>iernen</span> <span class='ocrx_word' id='word_1_445' title='bbox 696 4784 805 4840; x_wconf 79' lang='lat' dir='ltr'>dubium</span> <span class='ocrx_word' id='word_1_446' title='bbox 824 4788 939 4840; x_wconf 79' lang='lat' dir='ltr'>suboriri</span> <span class='ocrx_word' id='word_1_447' title='bbox 957 4801 1058 4857; x_wconf 88' lang='lat' dir='ltr'>posset,</span> <span class='ocrx_word' id='word_1_448' title='bbox 1072 4807 1133 4843; x_wconf 89' lang='lat' dir='ltr'>cnm</span> 
     </span>
     <span class='ocr_line' id='line_1_55' title="bbox 319 4868 1135 4940; baseline 0.004 -17"><span class='ocrx_word' id='word_1_449' title='bbox 319 4871 365 4923; x_wconf 83' lang='lat' dir='ltr'>vix</span> <span class='ocrx_word' id='word_1_450' title='bbox 385 4870 414 4922; x_wconf 90' lang='lat' dir='ltr'>in</span> <span class='ocrx_word' id='word_1_451' title='bbox 431 4868 563 4924; x_wconf 89' lang='lat' dir='ltr'>voiuntete</span> <span class='ocrx_word' id='word_1_452' title='bbox 581 4878 695 4939; x_wconf 76' lang='lat' dir='ltr'>pertinen</span> <span class='ocrx_word' id='word_1_453' title='bbox 715 4869 790 4923; x_wconf 85' lang='lat' dir='ltr'>situm</span> <span class='ocrx_word' id='word_1_454' title='bbox 808 4886 866 4925; x_wconf 90' lang='lat' dir='ltr'>esse</span> <span class='ocrx_word' id='word_1_455' title='bbox 891 4873 1025 4940; x_wconf 86' lang='lat' dir='ltr'>videetnr,</span> <span class='ocrx_word' id='word_1_456' title='bbox 1056 4874 1135 4928; x_wconf 88' lang='lat' dir='ltr'>eliern</span> 
     </span>
     <span class='ocr_line' id='line_1_56' title="bbox 321 4953 1134 5025; baseline -0.004 -15"><span class='ocrx_word' id='word_1_457' title='bbox 321 4954 461 5010; x_wconf 88' lang='lat' dir='ltr'>essentisnt</span> <span class='ocrx_word' id='word_1_458' title='bbox 479 4953 674 5016; x_wconf 87' lang='lat' dir='ltr'>contreetibns,</span> <span class='ocrx_word' id='word_1_459' title='bbox 693 4971 768 5022; x_wconf 87' lang='lat' dir='ltr'>quem</span> <span class='ocrx_word' id='word_1_460' title='bbox 786 4972 851 5023; x_wconf 87' lang='lat' dir='ltr'>quse</span> <span class='ocrx_word' id='word_1_461' title='bbox 868 4957 924 5024; x_wconf 86' lang='lat' dir='ltr'>jure</span> <span class='ocrx_word' id='word_1_462' title='bbox 946 4958 1014 5025; x_wconf 89' lang='lat' dir='ltr'>ipsis</span> <span class='ocrx_word' id='word_1_463' title='bbox 1040 4957 1134 5009; x_wconf 88' lang='lat' dir='ltr'>tribul·</span> 
     </span>
     <span class='ocr_line' id='line_1_57' title="bbox 322 5035 1135 5109; baseline -0.002 -15"><span class='ocrx_word' id='word_1_464' title='bbox 322 5052 381 5100; x_wconf 89' lang='lat' dir='ltr'>tur,</span> <span class='ocrx_word' id='word_1_465' title='bbox 400 5035 534 5106; x_wconf 76' lang='lat' dir='ltr'>effingere.</span> <span class='ocrx_word' id='word_1_466' title='bbox 554 5037 582 5090; x_wconf 78' lang='lat' dir='ltr'>si</span> <span class='ocrx_word' id='word_1_467' title='bbox 603 5039 672 5089; x_wconf 90' lang='lat' dir='ltr'>euim</span> <span class='ocrx_word' id='word_1_468' title='bbox 693 5037 740 5090; x_wconf 93' lang='lat' dir='ltr'>hoo</span> <span class='ocrx_word' id='word_1_469' title='bbox 758 5039 858 5092; x_wconf 81' lang='lat' dir='ltr'>licitum</span> <span class='ocrx_word' id='word_1_470' title='bbox 870 5049 952 5102; x_wconf 92' lang='lat' dir='ltr'>esset,</span> <span class='ocrx_word' id='word_1_471' title='bbox 965 5041 1030 5105; x_wconf 76' lang='lat' dir='ltr'>juris</span> <span class='ocrx_word' id='word_1_472' title='bbox 1043 5039 1135 5109; x_wconf 85' lang='lat' dir='ltr'>dispo·</span> 
     </span>
     <span class='ocr_line' id='line_1_58' title="bbox 322 5119 1135 5192; baseline -0.002 -14"><span class='ocrx_word' id='word_1_473' title='bbox 322 5125 421 5178; x_wconf 86' lang='lat' dir='ltr'>sitione</span> <span class='ocrx_word' id='word_1_474' title='bbox 437 5139 503 5192; x_wconf 89' lang='lat' dir='ltr'>opus</span> <span class='ocrx_word' id='word_1_475' title='bbox 521 5139 570 5173; x_wconf 91' lang='lat' dir='ltr'>uon</span> <span class='ocrx_word' id='word_1_476' title='bbox 590 5119 760 5186; x_wconf 76' lang='lat' dir='ltr'>haberemus,</span> <span class='ocrx_word' id='word_1_477' title='bbox 778 5137 843 5190; x_wconf 81' lang='lat' dir='ltr'>quue</span> <span class='ocrx_word' id='word_1_478' title='bbox 868 5137 899 5173; x_wconf 78' lang='lat' dir='ltr'>ex</span> <span class='ocrx_word' id='word_1_479' title='bbox 925 5122 1048 5175; x_wconf 88' lang='lat' dir='ltr'>esrietste</span> <span class='ocrx_word' id='word_1_480' title='bbox 1072 5139 1135 5176; x_wconf 88' lang='lat' dir='ltr'>con·</span> 
     </span>
     <span class='ocr_line' id='line_1_59' title="bbox 306 5201 1134 5275; baseline 0.007 -23"><span class='ocrx_word' id='word_1_481' title='bbox 306 5218 453 5272; x_wconf 46' lang='lat' dir='ltr'>,precluum</span> <span class='ocrx_word' id='word_1_482' title='bbox 472 5207 556 5258; x_wconf 85' lang='lat' dir='ltr'>verius</span> <span class='ocrx_word' id='word_1_483' title='bbox 575 5214 600 5256; x_wconf 87' lang='grc' dir='ltr'>ιι</span> <span class='ocrx_word' id='word_1_484' title='bbox 619 5215 712 5256; x_wconf 89' lang='lat' dir='ltr'>uetore</span> <span class='ocrx_word' id='word_1_485' title='bbox 731 5222 774 5257; x_wconf 91' lang='lat' dir='ltr'>sue</span> <span class='ocrx_word' id='word_1_486' title='bbox 792 5201 1062 5260; x_wconf 78' lang='lat' dir='ltr'>differenteseffectns</span> <span class='ocrx_word' id='word_1_487' title='bbox 1074 5221 1134 5275; x_wconf 90' lang='lat' dir='ltr'>pro-</span> 
     </span>
     <span class='ocr_line' id='line_1_60' title="bbox 323 5285 1135 5358; baseline 0.002 -18"><span class='ocrx_word' id='word_1_488' title='bbox 323 5288 413 5352; x_wconf 88' lang='lat' dir='ltr'>ducit,</span> <span class='ocrx_word' id='word_1_489' title='bbox 441 5287 487 5358; x_wconf 90' lang='lat' dir='ltr'>qni</span> <span class='ocrx_word' id='word_1_490' title='bbox 511 5305 603 5340; x_wconf 82' lang='lat' dir='ltr'>omnes</span> <span class='ocrx_word' id='word_1_491' title='bbox 631 5286 868 5350; x_wconf 87' lang='lat' dir='ltr'>coniundcreutur,</span> <span class='ocrx_word' id='word_1_492' title='bbox 900 5303 1022 5342; x_wconf 90' lang='lat' dir='ltr'>concesso</span> <span class='ocrx_word' id='word_1_493' title='bbox 1048 5285 1135 5342; x_wconf 83' lang='lat' dir='ltr'>libero</span> 
     </span>
     <span class='ocr_line' id='line_1_61' title="bbox 324 5370 1134 5443; baseline 0 -19"><span class='ocrx_word' id='word_1_494' title='bbox 324 5371 393 5424; x_wconf 86' lang='lat' dir='ltr'>circe</span> <span class='ocrx_word' id='word_1_495' title='bbox 410 5381 558 5424; x_wconf 87' lang='lat' dir='ltr'>contreetus</span> <span class='ocrx_word' id='word_1_496' title='bbox 575 5370 813 5425; x_wconf 86' lang='lat' dir='ltr'>denominetionern</span> <span class='ocrx_word' id='word_1_497' title='bbox 832 5371 951 5425; x_wconf 90' lang='lat' dir='ltr'>erhitrio·</span> <span class='ocrx_word' id='word_1_498' title='bbox 966 5371 1043 5424; x_wconf 75' lang='lat' dir='ltr'>&#39;ilinc</span> <span class='ocrx_word' id='word_1_499' title='bbox 1064 5389 1134 5443; x_wconf 85' lang='lat' dir='ltr'>pon·</span> 
     </span>
     <span class='ocr_line' id='line_1_62' title="bbox 323 5451 1132 5522; baseline 0.006 -18"><span class='ocrx_word' id='word_1_500' title='bbox 323 5451 402 5522; x_wconf 70' lang='lat' dir='ltr'>cisen.</span> <span class='ocrx_word' id='word_1_501' title='bbox 415 5452 443 5504; x_wconf 84' lang='lat' dir='ltr'>tu</span> <span class='ocrx_word' id='word_1_502' title='bbox 454 5469 476 5505; x_wconf 85' lang='lat' dir='ltr'>c.</span> <span class='ocrx_word' id='word_1_503' title='bbox 489 5453 516 5504; x_wconf 81' lang='grc' dir='ltr'>θ.</span> <span class='ocrx_word' id='word_1_504' title='bbox 527 5471 556 5505; x_wconf 80' lang='lat' dir='ltr'>re.</span> <span class='ocrx_word' id='word_1_505' title='bbox 571 5451 595 5504; x_wconf 80' lang='lat' dir='ltr'>ti.</span> <span class='ocrx_word' id='word_1_506' title='bbox 619 5469 673 5506; x_wconf 83' lang='lat' dir='ltr'>rer.</span> <span class='ocrx_word' id='word_1_507' title='bbox 684 5465 796 5518; x_wconf 85' lang='lat' dir='ltr'>permut.</span> <span class='ocrx_word' id='word_1_508' title='bbox 820 5466 905 5508; x_wconf 90' lang='lat' dir='ltr'>certos</span> <span class='ocrx_word' id='word_1_509' title='bbox 923 5455 1006 5508; x_wconf 87' lang='lat' dir='ltr'>simili</span> <span class='ocrx_word' id='word_1_510' title='bbox 1026 5455 1055 5507; x_wconf 91' lang='lat' dir='ltr'>iu</span> <span class='ocrx_word' id='word_1_511' title='bbox 1073 5471 1132 5509; x_wconf 88' lang='lat' dir='ltr'>cesn</span> 
     </span>
    </p>
   </div>
   <div class='ocr_carea' id='block_1_4' title="bbox 893 274 1401 333">
    <p class='ocr_par' dir='ltr' id='par_1_6' title="bbox 893 274 1401 333">
     <span class='ocr_line' id='line_1_63' title="bbox 893 274 1401 333; baseline 0.002 -5"><span class='ocrx_word' id='word_1_512' title='bbox 893 274 1081 330; x_wconf 73' lang='lat' dir='ltr'>ntsvurnn.</span> <span class='ocrx_word' id='word_1_513' title='bbox 1100 275 1198 332; x_wconf 78' lang='lat' dir='ltr'>XXlV·</span> <span class='ocrx_word' id='word_1_514' title='bbox 1218 275 1335 332; x_wconf 67' lang='lat' dir='ltr'>cttntjn</span> <span class='ocrx_word' id='word_1_515' title='bbox 1354 275 1401 333; x_wconf 77' lang='lat' dir='ltr'>iv.</span> 
     </span>
    </p>
   </div>
   <div class='ocr_carea' id='block_1_5' title="bbox 1181 361 2008 5122">
    <p class='ocr_par' dir='ltr' id='par_1_7' title="bbox 1182 361 2006 1024">
     <span class='ocr_line' id='line_1_64' title="bbox 1186 361 2006 443; baseline 0.004 -19"><span class='ocrx_word' id='word_1_516' title='bbox 1186 371 1267 438; x_wconf 88' lang='lat' dir='ltr'>usipis</span> <span class='ocrx_word' id='word_1_517' title='bbox 1285 389 1435 426; x_wconf 78' lang='lat' dir='ltr'>meorumue</span> <span class='ocrx_word' id='word_1_518' title='bbox 1452 361 1569 440; x_wconf 73' lang='lat' dir='ltr'>oportet&#39;,</span> <span class='ocrx_word' id='word_1_519' title='bbox 1600 379 1625 425; x_wconf 93' lang='lat' dir='ltr'>et</span> <span class='ocrx_word' id='word_1_520' title='bbox 1657 369 1722 426; x_wconf 89' lang='lat' dir='ltr'>iliud</span> <span class='ocrx_word' id='word_1_521' title='bbox 1739 371 1811 442; x_wconf 87' lang='lat' dir='ltr'>quod</span> <span class='ocrx_word' id='word_1_522' title='bbox 1837 368 1871 424; x_wconf 85' lang='lat' dir='ltr'>tie</span> <span class='ocrx_word' id='word_1_523' title='bbox 1890 371 2006 443; x_wconf 75' lang='lat' dir='ltr'>pertinse</span> 
     </span>
     <span class='ocr_line' id='line_1_65' title="bbox 1183 453 2004 526; baseline 0 -18"><span class='ocrx_word' id='word_1_524' title='bbox 1183 457 1311 508; x_wconf 73' lang='lat' dir='ltr'>voluntate</span> <span class='ocrx_word' id='word_1_525' title='bbox 1330 472 1406 526; x_wconf 89' lang='lat' dir='ltr'>supre</span> <span class='ocrx_word' id='word_1_526' title='bbox 1426 455 1524 506; x_wconf 87' lang='lat' dir='ltr'>dictum</span> <span class='ocrx_word' id='word_1_527' title='bbox 1556 453 1624 520; x_wconf 78' lang='lat' dir='ltr'>fuit,</span> <span class='ocrx_word' id='word_1_528' title='bbox 1653 457 1685 509; x_wconf 91' lang='lat' dir='ltr'>ed</span> <span class='ocrx_word' id='word_1_529' title='bbox 1716 461 1932 526; x_wconf 75' lang='lat' dir='ltr'>permutationem</span> <span class='ocrx_word' id='word_1_530' title='bbox 1963 455 2004 512; x_wconf 90' lang='lat' dir='ltr'>rei</span> 
     </span>
     <span class='ocr_line' id='line_1_66' title="bbox 1182 537 2005 608; baseline -0.002 -16"><span class='ocrx_word' id='word_1_531' title='bbox 1182 558 1240 592; x_wconf 90' lang='lat' dir='ltr'>eum</span> <span class='ocrx_word' id='word_1_532' title='bbox 1260 555 1289 593; x_wconf 90' lang='lat' dir='ltr'>re</span> <span class='ocrx_word' id='word_1_533' title='bbox 1306 539 1395 591; x_wconf 88' lang='lat' dir='ltr'>sddite</span> <span class='ocrx_word' id='word_1_534' title='bbox 1416 540 1526 608; x_wconf 79' lang='lat' dir='ltr'>pecunie</span> <span class='ocrx_word' id='word_1_535' title='bbox 1546 541 1750 608; x_wconf 67' lang='lat' dir='ltr'>restringemuee</span> <span class='ocrx_word' id='word_1_536' title='bbox 1768 551 1790 591; x_wconf 92' lang='lat' dir='ltr'>et</span> <span class='ocrx_word' id='word_1_537' title='bbox 1811 539 1832 590; x_wconf 90' lang='lat' dir='ltr'>si</span> <span class='ocrx_word' id='word_1_538' title='bbox 1854 540 1889 590; x_wconf 93' lang='lat' dir='ltr'>de</span> <span class='ocrx_word' id='word_1_539' title='bbox 1906 537 2005 608; x_wconf 84' lang='lat' dir='ltr'>peleci-</span> 
     </span>
     <span class='ocr_line' id='line_1_67' title="bbox 1184 621 2005 693; baseline 0.001 -20"><span class='ocrx_word' id='word_1_540' title='bbox 1184 625 1233 693; x_wconf 75' lang='lat' dir='ltr'>puli</span> <span class='ocrx_word' id='word_1_541' title='bbox 1253 623 1461 676; x_wconf 86' lang='lat' dir='ltr'>coutruhentium</span> <span class='ocrx_word' id='word_1_542' title='bbox 1488 623 1636 675; x_wconf 87' lang='lat' dir='ltr'>intentione</span> <span class='ocrx_word' id='word_1_543' title='bbox 1661 631 1780 684; x_wconf 91' lang='lat' dir='ltr'>constet,</span> <span class='ocrx_word' id='word_1_544' title='bbox 1806 621 1875 690; x_wconf 88' lang='lat' dir='ltr'>quod</span> <span class='ocrx_word' id='word_1_545' title='bbox 1902 621 2005 674; x_wconf 76' lang='lat' dir='ltr'>sciituel</span> 
     </span>
     <span class='ocr_line' id='line_1_68' title="bbox 1184 705 2004 774; baseline 0 -16"><span class='ocrx_word' id='word_1_546' title='bbox 1184 715 1333 774; x_wconf 80' lang='lat' dir='ltr'>permutere</span> <span class='ocrx_word' id='word_1_547' title='bbox 1350 706 1489 768; x_wconf 86' lang='lat' dir='ltr'>volueriut,</span> <span class='ocrx_word' id='word_1_548' title='bbox 1509 715 1679 758; x_wconf 88' lang='lat' dir='ltr'>concurrente</span> <span class='ocrx_word' id='word_1_549' title='bbox 1698 706 1757 758; x_wconf 86' lang='lat' dir='ltr'>licet</span> <span class='ocrx_word' id='word_1_550' title='bbox 1777 705 1885 773; x_wconf 83' lang='lat' dir='ltr'>pecunie</span> <span class='ocrx_word' id='word_1_551' title='bbox 1898 721 2004 774; x_wconf 85' lang='lat' dir='ltr'>remque</span> 
     </span>
     <span class='ocr_line' id='line_1_69' title="bbox 1183 787 2005 858; baseline 0 -18"><span class='ocrx_word' id='word_1_552' title='bbox 1183 788 1341 851; x_wconf 72' lang='lat' dir='ltr'>excedente,</span> <span class='ocrx_word' id='word_1_553' title='bbox 1361 802 1420 844; x_wconf 76' lang='lat' dir='ltr'>tiene</span> <span class='ocrx_word' id='word_1_554' title='bbox 1440 788 1616 842; x_wconf 89' lang='lat' dir='ltr'>nihilominus</span> <span class='ocrx_word' id='word_1_555' title='bbox 1634 787 1796 858; x_wconf 86' lang='lat' dir='ltr'>permutetio</span> <span class='ocrx_word' id='word_1_556' title='bbox 1815 788 1882 850; x_wconf 92' lang='lat' dir='ltr'>erit,</span> <span class='ocrx_word' id='word_1_557' title='bbox 1902 803 1951 840; x_wconf 88' lang='lat' dir='ltr'>nee</span> <span class='ocrx_word' id='word_1_558' title='bbox 1964 789 2005 840; x_wconf 86' lang='lat' dir='ltr'>in·</span> 
     </span>
     <span class='ocr_line' id='line_1_70' title="bbox 1184 869 2002 942; baseline -0.004 -19"><span class='ocrx_word' id='word_1_559' title='bbox 1184 873 1311 941; x_wconf 89' lang='lat' dir='ltr'>spieitnr,</span> <span class='ocrx_word' id='word_1_560' title='bbox 1329 872 1392 941; x_wconf 81' lang='lat' dir='ltr'>quid</span> <span class='ocrx_word' id='word_1_561' title='bbox 1412 873 1569 942; x_wconf 69' lang='lat' dir='ltr'>praevaient,</span> <span class='ocrx_word' id='word_1_562' title='bbox 1588 879 1618 924; x_wconf 89' lang='lat' dir='ltr'>nt</span> <span class='ocrx_word' id='word_1_563' title='bbox 1636 883 1694 940; x_wconf 85' lang='lat' dir='ltr'>port</span> <span class='ocrx_word' id='word_1_564' title='bbox 1720 870 1782 924; x_wconf 82' lang='lat' dir='ltr'>iuis.</span> <span class='ocrx_word' id='word_1_565' title='bbox 1815 869 1900 922; x_wconf 74' lang='lat' dir='ltr'>Andr.</span> <span class='ocrx_word' id='word_1_566' title='bbox 1925 870 2002 923; x_wconf 86' lang='lat' dir='ltr'>imni.</span> 
     </span>
     <span class='ocr_line' id='line_1_71' title="bbox 1186 952 1900 1024; baseline -0.006 -16"><span class='ocrx_word' id='word_1_567' title='bbox 1186 955 1228 1008; x_wconf 84' lang='grc' dir='ltr'>Βι.</span> <span class='ocrx_word' id='word_1_568' title='bbox 1249 955 1287 1008; x_wconf 79' lang='lat' dir='ltr'>til</span> <span class='ocrx_word' id='word_1_569' title='bbox 1307 967 1332 1008; x_wconf 92' lang='lat' dir='ltr'>et</span> <span class='ocrx_word' id='word_1_570' title='bbox 1352 957 1416 1008; x_wconf 87' lang='lat' dir='ltr'>elios</span> <span class='ocrx_word' id='word_1_571' title='bbox 1437 955 1516 1008; x_wconf 83' lang='lat' dir='ltr'>tredit</span> <span class='ocrx_word' id='word_1_572' title='bbox 1535 953 1679 1024; x_wconf 70' lang='lat' dir='ltr'>lteiuting.</span> <span class='ocrx_word' id='word_1_573' title='bbox 1698 973 1743 1024; x_wconf 81' lang='lat' dir='ltr'>pte.</span> <span class='ocrx_word' id='word_1_574' title='bbox 1763 952 1787 1006; x_wconf 77' lang='grc'>1.</span> <span class='ocrx_word' id='word_1_575' title='bbox 1807 973 1834 1004; x_wconf 88' lang='grc' dir='ltr'>ιι.</span> <span class='ocrx_word' id='word_1_576' title='bbox 1853 953 1900 1005; x_wconf 82' lang='grc'>33.</span> 
     </span>
    </p>

    <p class='ocr_par' dir='ltr' id='par_1_8' title="bbox 1182 1035 2007 3025">
     <span class='ocr_line' id='line_1_72' title="bbox 1222 1035 2005 1108; baseline -0.008 -16"><span class='ocrx_word' id='word_1_577' title='bbox 1222 1041 1278 1092; x_wconf 87' lang='lat' dir='ltr'>ileo</span> <span class='ocrx_word' id='word_1_578' title='bbox 1295 1040 1383 1108; x_wconf 88' lang='lat' dir='ltr'>iteque</span> <span class='ocrx_word' id='word_1_579' title='bbox 1401 1039 1502 1093; x_wconf 90' lang='lat' dir='ltr'>reticne</span> <span class='ocrx_word' id='word_1_580' title='bbox 1520 1038 1551 1091; x_wconf 86' lang='lat' dir='ltr'>eti</span> <span class='ocrx_word' id='word_1_581' title='bbox 1572 1048 1733 1090; x_wconf 68' lang='lat' dir='ltr'>contractum</span> <span class='ocrx_word' id='word_1_582' title='bbox 1753 1036 1897 1104; x_wconf 88' lang='lat' dir='ltr'>emptionis</span> <span class='ocrx_word' id='word_1_583' title='bbox 1916 1035 2005 1089; x_wconf 89' lang='lat' dir='ltr'>vendi·</span> 
     </span>
     <span class='ocr_line' id='line_1_73' title="bbox 1185 1119 2004 1192; baseline -0.002 -16"><span class='ocrx_word' id='word_1_584' title='bbox 1185 1123 1264 1176; x_wconf 87' lang='lat' dir='ltr'>tionis</span> <span class='ocrx_word' id='word_1_585' title='bbox 1281 1125 1357 1192; x_wconf 87' lang='lat' dir='ltr'>eique</span> <span class='ocrx_word' id='word_1_586' title='bbox 1376 1122 1492 1175; x_wconf 85' lang='lat' dir='ltr'>similent</span> <span class='ocrx_word' id='word_1_587' title='bbox 1512 1121 1645 1173; x_wconf 84' lang='lat' dir='ltr'>deticoem</span> <span class='ocrx_word' id='word_1_588' title='bbox 1666 1121 1694 1170; x_wconf 81' lang='lat' dir='ltr'>‘tn</span> <span class='ocrx_word' id='word_1_589' title='bbox 1720 1119 1833 1172; x_wconf 84' lang='lat' dir='ltr'>solutum</span> <span class='ocrx_word' id='word_1_590' title='bbox 1859 1119 2004 1174; x_wconf 75' lang='lat' dir='ltr'>restrictam</span> 
     </span>
     <span class='ocr_line' id='line_1_74' title="bbox 1185 1203 2005 1274; baseline 0 -16"><span class='ocrx_word' id='word_1_591' title='bbox 1185 1223 1241 1260; x_wconf 89' lang='lat' dir='ltr'>esse</span> <span class='ocrx_word' id='word_1_592' title='bbox 1260 1207 1377 1260; x_wconf 84' lang='lat' dir='ltr'>volumus</span> <span class='ocrx_word' id='word_1_593' title='bbox 1393 1209 1434 1274; x_wconf 84' lang='lat' dir='ltr'>jus</span> <span class='ocrx_word' id='word_1_594' title='bbox 1453 1206 1579 1274; x_wconf 79' lang='lat' dir='ltr'>congrui,</span> <span class='ocrx_word' id='word_1_595' title='bbox 1598 1221 1742 1272; x_wconf 86' lang='lat' dir='ltr'>omnesque</span> <span class='ocrx_word' id='word_1_596' title='bbox 1760 1203 1826 1256; x_wconf 89' lang='lat' dir='ltr'>elios</span> <span class='ocrx_word' id='word_1_597' title='bbox 1856 1211 2005 1258; x_wconf 79' lang='lat' dir='ltr'>contemtus</span> 
     </span>
     <span class='ocr_line' id='line_1_75' title="bbox 1186 1285 2005 1350; baseline 0 -9"><span class='ocrx_word' id='word_1_598' title='bbox 1186 1305 1219 1341; x_wconf 82' lang='lat' dir='ltr'>ee</span> <span class='ocrx_word' id='word_1_599' title='bbox 1239 1290 1332 1343; x_wconf 89' lang='lat' dir='ltr'>stricte</span> <span class='ocrx_word' id='word_1_600' title='bbox 1352 1291 1454 1342; x_wconf 88' lang='lat' dir='ltr'>retioue</span> <span class='ocrx_word' id='word_1_601' title='bbox 1471 1287 1505 1341; x_wconf 81' lang='lat' dir='ltr'>eb</span> <span class='ocrx_word' id='word_1_602' title='bbox 1522 1290 1612 1340; x_wconf 84' lang='lat' dir='ltr'>eodem</span> <span class='ocrx_word' id='word_1_603' title='bbox 1633 1301 1810 1350; x_wconf 88' lang='lat' dir='ltr'>removemus,</span> <span class='ocrx_word' id='word_1_604' title='bbox 1836 1285 1887 1338; x_wconf 88' lang='lat' dir='ltr'>hoc</span> <span class='ocrx_word' id='word_1_605' title='bbox 1917 1295 2005 1340; x_wconf 79' lang='grc' dir='ltr'>ιιιιιιι</span> 
     </span>
     <span class='ocr_line' id='line_1_76' title="bbox 1185 1369 2004 1438; baseline 0.005 -18"><span class='ocrx_word' id='word_1_606' title='bbox 1185 1389 1243 1423; x_wconf 85' lang='lat' dir='ltr'>enen</span> <span class='ocrx_word' id='word_1_607' title='bbox 1266 1381 1485 1438; x_wconf 86' lang='lat' dir='ltr'>temperemento,</span> <span class='ocrx_word' id='word_1_608' title='bbox 1505 1372 1557 1423; x_wconf 91' lang='lat' dir='ltr'>uisi</span> <span class='ocrx_word' id='word_1_609' title='bbox 1578 1372 1604 1423; x_wconf 91' lang='lat' dir='ltr'>in</span> <span class='ocrx_word' id='word_1_610' title='bbox 1624 1370 1740 1423; x_wconf 86' lang='lat' dir='ltr'>ireudero</span> <span class='ocrx_word' id='word_1_611' title='bbox 1769 1369 1845 1437; x_wconf 85' lang='lat' dir='ltr'>hujus</span> <span class='ocrx_word' id='word_1_612' title='bbox 1871 1369 1941 1437; x_wconf 84' lang='lat' dir='ltr'>juris</span> <span class='ocrx_word' id='word_1_613' title='bbox 1957 1372 2004 1426; x_wconf 89' lang='lat' dir='ltr'>elii</span> 
     </span>
     <span class='ocr_line' id='line_1_77' title="bbox 1187 1452 2006 1508; baseline 0.004 -3"><span class='ocrx_word' id='word_1_614' title='bbox 1187 1463 1332 1508; x_wconf 88' lang='lat' dir='ltr'>contreetus</span> <span class='ocrx_word' id='word_1_615' title='bbox 1351 1454 1465 1506; x_wconf 75' lang='lat' dir='ltr'>simulati</span> <span class='ocrx_word' id='word_1_616' title='bbox 1486 1452 1588 1507; x_wconf 87' lang='lat' dir='ltr'>inerint</span> <span class='ocrx_word' id='word_1_617' title='bbox 1606 1453 1738 1506; x_wconf 86' lang='lat' dir='ltr'>celebreti.</span> <span class='ocrx_word' id='word_1_618' title='bbox 1757 1453 1803 1505; x_wconf 83' lang='lat' dir='ltr'>ste</span> <span class='ocrx_word' id='word_1_619' title='bbox 1821 1453 1846 1505; x_wconf 91' lang='lat' dir='ltr'>ei</span> <span class='ocrx_word' id='word_1_620' title='bbox 1863 1453 1956 1508; x_wconf 72' lang='lat' dir='ltr'>tonsio</span> <span class='ocrx_word' id='word_1_621' title='bbox 1968 1455 2006 1508; x_wconf 85' lang='lat' dir='ltr'>eit</span> 
     </span>
     <span class='ocr_line' id='line_1_78' title="bbox 1187 1534 2006 1607; baseline 0.004 -19"><span class='ocrx_word' id='word_1_622' title='bbox 1187 1536 1364 1590; x_wconf 81' lang='lat' dir='ltr'>cttotitsneties</span> <span class='ocrx_word' id='word_1_623' title='bbox 1382 1551 1440 1588; x_wconf 87' lang='lat' dir='ltr'>cnrn</span> <span class='ocrx_word' id='word_1_624' title='bbox 1461 1549 1536 1606; x_wconf 90' lang='lat' dir='ltr'>pecto</span> <span class='ocrx_word' id='word_1_625' title='bbox 1554 1534 1769 1602; x_wconf 80' lang='lat' dir='ltr'>sierenoventin,</span> <span class='ocrx_word' id='word_1_626' title='bbox 1788 1535 1821 1587; x_wconf 89' lang='lat' dir='ltr'>tie</span> <span class='ocrx_word' id='word_1_627' title='bbox 1841 1545 1958 1607; x_wconf 85' lang='lat' dir='ltr'>ternpore</span> <span class='ocrx_word' id='word_1_628' title='bbox 1976 1538 2006 1592; x_wconf 88' lang='lat' dir='ltr'>irt</span> 
     </span>
     <span class='ocr_line' id='line_1_79' title="bbox 1188 1619 2006 1690; baseline 0 -17"><span class='ocrx_word' id='word_1_629' title='bbox 1188 1634 1304 1690; x_wconf 88' lang='lat' dir='ltr'>tempus,</span> <span class='ocrx_word' id='word_1_630' title='bbox 1323 1621 1355 1672; x_wconf 90' lang='lat' dir='ltr'>dc</span> <span class='ocrx_word' id='word_1_631' title='bbox 1373 1620 1556 1690; x_wconf 81' lang='lat' dir='ltr'>quinquennio</span> <span class='ocrx_word' id='word_1_632' title='bbox 1573 1620 1601 1672; x_wconf 93' lang='lat' dir='ltr'>in</span> <span class='ocrx_word' id='word_1_633' title='bbox 1618 1619 1847 1690; x_wconf 79' lang='lat' dir='ltr'>quinquennium,</span> <span class='ocrx_word' id='word_1_634' title='bbox 1866 1629 1892 1671; x_wconf 90' lang='lat' dir='ltr'>et</span> <span class='ocrx_word' id='word_1_635' title='bbox 1910 1619 1944 1673; x_wconf 85' lang='lat' dir='ltr'>de</span> <span class='ocrx_word' id='word_1_636' title='bbox 1961 1619 2006 1673; x_wconf 86' lang='lat' dir='ltr'>tie·</span> 
     </span>
     <span class='ocr_line' id='line_1_80' title="bbox 1191 1703 2005 1774; baseline 0.006 -20"><span class='ocrx_word' id='word_1_637' title='bbox 1191 1706 1284 1758; x_wconf 79' lang='lat' dir='ltr'>munio</span> <span class='ocrx_word' id='word_1_638' title='bbox 1303 1704 1330 1758; x_wconf 91' lang='lat' dir='ltr'>in</span> <span class='ocrx_word' id='word_1_639' title='bbox 1354 1705 1527 1770; x_wconf 83' lang='lat' dir='ltr'>decennium,</span> <span class='ocrx_word' id='word_1_640' title='bbox 1559 1706 1737 1774; x_wconf 89' lang='lat' dir='ltr'>preeeurnitur</span> <span class='ocrx_word' id='word_1_641' title='bbox 1762 1703 1821 1756; x_wconf 92' lang='lat' dir='ltr'>telis</span> <span class='ocrx_word' id='word_1_642' title='bbox 1850 1705 1946 1758; x_wconf 85' lang='lat' dir='ltr'>centeie</span> <span class='ocrx_word' id='word_1_643' title='bbox 1977 1705 2005 1758; x_wconf 84' lang='lat' dir='ltr'>iet</span> 
     </span>
     <span class='ocr_line' id='line_1_81' title="bbox 1191 1783 2007 1853; baseline 0.007 -17"><span class='ocrx_word' id='word_1_644' title='bbox 1191 1783 1308 1838; x_wconf 86' lang='lat' dir='ltr'>irendero</span> <span class='ocrx_word' id='word_1_645' title='bbox 1329 1786 1452 1853; x_wconf 73' lang='lat' dir='ltr'>tegendee</span> <span class='ocrx_word' id='word_1_646' title='bbox 1468 1787 1638 1839; x_wconf 86' lang='lat' dir='ltr'>elienetionie</span> <span class='ocrx_word' id='word_1_647' title='bbox 1660 1785 1779 1852; x_wconf 80' lang='lat' dir='ltr'>ediecle,</span> <span class='ocrx_word' id='word_1_648' title='bbox 1801 1784 1944 1845; x_wconf 80' lang='lat' dir='ltr'>iioseethel</span> <span class='ocrx_word' id='word_1_649' title='bbox 1974 1789 2007 1843; x_wconf 85' lang='lat' dir='ltr'>rie</span> 
     </span>
     <span class='ocr_line' id='line_1_82' title="bbox 1182 1867 2002 1940; baseline 0.007 -21"><span class='ocrx_word' id='word_1_650' title='bbox 1182 1870 1265 1939; x_wconf 79' lang='lat' dir='ltr'>send.</span> <span class='ocrx_word' id='word_1_651' title='bbox 1277 1870 1392 1922; x_wconf 86' lang='lat' dir='ltr'>conclus.</span> <span class='ocrx_word' id='word_1_652' title='bbox 1401 1871 1426 1920; x_wconf 88' lang='grc'>9.</span> <span class='ocrx_word' id='word_1_653' title='bbox 1438 1887 1459 1922; x_wconf 86' lang='grc' dir='ltr'>ι.</span> <span class='ocrx_word' id='word_1_654' title='bbox 1467 1872 1493 1923; x_wconf 87' lang='grc'>’1.</span> <span class='ocrx_word' id='word_1_655' title='bbox 1504 1871 1611 1922; x_wconf 85' lang='grc' dir='ltr'>Μιιιίι.</span> <span class='ocrx_word' id='word_1_656' title='bbox 1623 1867 1650 1922; x_wconf 72' lang='lat' dir='ltr'>d.</span> <span class='ocrx_word' id='word_1_657' title='bbox 1661 1880 1713 1922; x_wconf 88' lang='lat' dir='ltr'>roc.</span> <span class='ocrx_word' id='word_1_658' title='bbox 1728 1879 1754 1922; x_wconf 86' lang='grc' dir='ltr'>ιι</span> <span class='ocrx_word' id='word_1_659' title='bbox 1766 1868 1867 1940; x_wconf 72' lang='lat' dir='ltr'>nmdig.</span> <span class='ocrx_word' id='word_1_660' title='bbox 1879 1883 2002 1927; x_wconf 77' lang='lat' dir='ltr'>convent.</span> 
     </span>
     <span class='ocr_line' id='line_1_83' title="bbox 1193 1951 2004 2025; baseline 0.01 -25"><span class='ocrx_word' id='word_1_661' title='bbox 1193 1953 1210 2004; x_wconf 91' lang='lat' dir='ltr'>t.</span> <span class='ocrx_word' id='word_1_662' title='bbox 1223 1952 1248 2003; x_wconf 86' lang='lat' dir='ltr'>li.</span> <span class='ocrx_word' id='word_1_663' title='bbox 1262 1951 1302 2004; x_wconf 86' lang='lat' dir='ltr'>rit.</span> <span class='ocrx_word' id='word_1_664' title='bbox 1316 1951 1340 2004; x_wconf 84' lang='grc'>1.</span> <span class='ocrx_word' id='word_1_665' title='bbox 1355 1970 1382 2004; x_wconf 88' lang='lat' dir='ltr'>n.</span> <span class='ocrx_word' id='word_1_666' title='bbox 1396 1952 1422 2004; x_wconf 89' lang='lat' dir='ltr'>li.</span> <span class='ocrx_word' id='word_1_667' title='bbox 1434 1963 1460 2004; x_wconf 89' lang='lat' dir='ltr'>et</span> <span class='ocrx_word' id='word_1_668' title='bbox 1472 1968 1524 2024; x_wconf 77' lang='lat' dir='ltr'>rep.</span> <span class='ocrx_word' id='word_1_669' title='bbox 1538 1965 1565 2006; x_wconf 91' lang='lat' dir='ltr'>et</span> <span class='ocrx_word' id='word_1_670' title='bbox 1584 1953 1632 2006; x_wconf 83' lang='lat' dir='ltr'>hnc</span> <span class='ocrx_word' id='word_1_671' title='bbox 1649 1953 1749 2006; x_wconf 75' lang='lat' dir='ltr'>ratione</span> <span class='ocrx_word' id='word_1_672' title='bbox 1767 1956 1824 2020; x_wconf 79' lang='lat' dir='ltr'>jure</span> <span class='ocrx_word' id='word_1_673' title='bbox 1841 1957 1948 2025; x_wconf 72' lang='lat' dir='ltr'>congred</span> <span class='ocrx_word' id='word_1_674' title='bbox 1962 1972 2004 2008; x_wconf 80' lang='lat' dir='ltr'>re-</span> 
     </span>
     <span class='ocr_line' id='line_1_84' title="bbox 1192 2033 2006 2107; baseline 0.009 -22"><span class='ocrx_word' id='word_1_675' title='bbox 1192 2044 1232 2087; x_wconf 92' lang='lat' dir='ltr'>cle</span> <span class='ocrx_word' id='word_1_676' title='bbox 1251 2046 1337 2090; x_wconf 85' lang='lat' dir='ltr'>utetur</span> <span class='ocrx_word' id='word_1_677' title='bbox 1354 2037 1472 2102; x_wconf 83' lang='lat' dir='ltr'>stetuns,</span> <span class='ocrx_word' id='word_1_678' title='bbox 1492 2047 1544 2090; x_wconf 85' lang='lat' dir='ltr'>tero</span> <span class='ocrx_word' id='word_1_679' title='bbox 1573 2048 1680 2106; x_wconf 87' lang='lat' dir='ltr'>propter</span> <span class='ocrx_word' id='word_1_680' title='bbox 1699 2033 1834 2102; x_wconf 71' lang='lat' dir='ltr'>trondem,</span> <span class='ocrx_word' id='word_1_681' title='bbox 1855 2054 1933 2107; x_wconf 83' lang='lat' dir='ltr'>quent</span> <span class='ocrx_word' id='word_1_682' title='bbox 1952 2038 2006 2092; x_wconf 83' lang='lat' dir='ltr'>inv·</span> 
     </span>
     <span class='ocr_line' id='line_1_85' title="bbox 1193 2118 2006 2190; baseline 0.011 -22"><span class='ocrx_word' id='word_1_683' title='bbox 1193 2118 1296 2172; x_wconf 89' lang='lat' dir='ltr'>minens</span> <span class='ocrx_word' id='word_1_684' title='bbox 1314 2135 1347 2171; x_wconf 82' lang='lat' dir='ltr'>ex</span> <span class='ocrx_word' id='word_1_685' title='bbox 1364 2120 1492 2172; x_wconf 87' lang='lat' dir='ltr'>loceticne</span> <span class='ocrx_word' id='word_1_686' title='bbox 1510 2131 1632 2190; x_wconf 90' lang='lat' dir='ltr'>perpetue</span> <span class='ocrx_word' id='word_1_687' title='bbox 1658 2123 1765 2172; x_wconf 85' lang='lat' dir='ltr'>melum.</span> <span class='ocrx_word' id='word_1_688' title='bbox 1792 2119 1940 2176; x_wconf 73' lang='lat' dir='ltr'>nouorum</span> <span class='ocrx_word' id='word_1_689' title='bbox 1971 2135 2006 2177; x_wconf 92' lang='lat' dir='ltr'>te·</span> 
     </span>
     <span class='ocr_line' id='line_1_86' title="bbox 1193 2202 2006 2272; baseline 0.009 -19"><span class='ocrx_word' id='word_1_690' title='bbox 1193 2216 1252 2253; x_wconf 87' lang='lat' dir='ltr'>meu</span> <span class='ocrx_word' id='word_1_691' title='bbox 1273 2202 1344 2253; x_wconf 89' lang='lat' dir='ltr'>circe</span> <span class='ocrx_word' id='word_1_692' title='bbox 1364 2202 1421 2269; x_wconf 85' lang='lat' dir='ltr'>hoe,</span> <span class='ocrx_word' id='word_1_693' title='bbox 1439 2202 1507 2272; x_wconf 89' lang='lat' dir='ltr'>quod</span> <span class='ocrx_word' id='word_1_694' title='bbox 1527 2203 1622 2256; x_wconf 77' lang='lat' dir='ltr'>locutio</span> <span class='ocrx_word' id='word_1_695' title='bbox 1638 2217 1661 2256; x_wconf 89' lang='lat' dir='ltr'>et</span> <span class='ocrx_word' id='word_1_696' title='bbox 1680 2203 1818 2256; x_wconf 84' lang='lat' dir='ltr'>conductio</span> <span class='ocrx_word' id='word_1_697' title='bbox 1836 2205 1915 2258; x_wconf 81' lang='lat' dir='ltr'>eliens</span> <span class='ocrx_word' id='word_1_698' title='bbox 1933 2217 2006 2260; x_wconf 84' lang='lat' dir='ltr'>estre</span> 
     </span>
     <span class='ocr_line' id='line_1_87' title="bbox 1192 2281 2006 2355; baseline 0.014 -22"><span class='ocrx_word' id='word_1_699' title='bbox 1192 2281 1269 2334; x_wconf 86' lang='lat' dir='ltr'>hosce</span> <span class='ocrx_word' id='word_1_700' title='bbox 1289 2286 1416 2337; x_wconf 90' lang='lat' dir='ltr'>terminos</span> <span class='ocrx_word' id='word_1_701' title='bbox 1435 2302 1487 2338; x_wconf 90' lang='lat' dir='ltr'>uon</span> <span class='ocrx_word' id='word_1_702' title='bbox 1507 2295 1609 2354; x_wconf 86' lang='lat' dir='ltr'>respuet</span> <span class='ocrx_word' id='word_1_703' title='bbox 1628 2286 1669 2354; x_wconf 87' lang='lat' dir='ltr'>jos</span> <span class='ocrx_word' id='word_1_704' title='bbox 1698 2287 1825 2355; x_wconf 73' lang='lat' dir='ltr'>congrui,</span> <span class='ocrx_word' id='word_1_705' title='bbox 1855 2287 1903 2340; x_wconf 82' lang='lat' dir='ltr'>uisi</span> <span class='ocrx_word' id='word_1_706' title='bbox 1933 2289 2006 2344; x_wconf 83' lang='lat' dir='ltr'>enine</span> 
     </span>
     <span class='ocr_line' id='line_1_88' title="bbox 1192 2366 2004 2438; baseline 0.006 -18"><span class='ocrx_word' id='word_1_707' title='bbox 1192 2366 1348 2420; x_wconf 85' lang='lat' dir='ltr'>constitutio</span> <span class='ocrx_word' id='word_1_708' title='bbox 1365 2367 1493 2421; x_wconf 78' lang='lat' dir='ltr'>Frideriei</span> <span class='ocrx_word' id='word_1_709' title='bbox 1514 2369 1632 2422; x_wconf 82' lang='lat' dir='ltr'>moribus</span> <span class='ocrx_word' id='word_1_710' title='bbox 1650 2380 1748 2438; x_wconf 85' lang='lat' dir='ltr'>recepte</span> <span class='ocrx_word' id='word_1_711' title='bbox 1767 2381 1827 2436; x_wconf 87' lang='lat' dir='ltr'>eet,</span> <span class='ocrx_word' id='word_1_712' title='bbox 1859 2381 1886 2426; x_wconf 86' lang='grc' dir='ltr'>ιι</span> <span class='ocrx_word' id='word_1_713' title='bbox 1910 2389 2004 2426; x_wconf 65' lang='lat' dir='ltr'>secum</span> 
     </span>
     <span class='ocr_line' id='line_1_89' title="bbox 1191 2451 2006 2523; baseline 0.011 -22"><span class='ocrx_word' id='word_1_714' title='bbox 1191 2451 1252 2502; x_wconf 91' lang='lat' dir='ltr'>dum</span> <span class='ocrx_word' id='word_1_715' title='bbox 1272 2469 1327 2504; x_wconf 86' lang='lat' dir='ltr'>eern</span> <span class='ocrx_word' id='word_1_716' title='bbox 1349 2452 1492 2521; x_wconf 81' lang='lat' dir='ltr'>judicetur,</span> <span class='ocrx_word' id='word_1_717' title='bbox 1512 2455 1551 2506; x_wconf 90' lang='lat' dir='ltr'>nti</span> <span class='ocrx_word' id='word_1_718' title='bbox 1570 2457 1639 2523; x_wconf 78' lang='lat' dir='ltr'>juxte</span> <span class='ocrx_word' id='word_1_719' title='bbox 1658 2455 1724 2506; x_wconf 86' lang='lat' dir='ltr'>henc</span> <span class='ocrx_word' id='word_1_720' title='bbox 1741 2453 1770 2508; x_wconf 88' lang='lat' dir='ltr'>iu</span> <span class='ocrx_word' id='word_1_721' title='bbox 1782 2471 1886 2508; x_wconf 81' lang='lat' dir='ltr'>summo</span> <span class='ocrx_word' id='word_1_722' title='bbox 1899 2455 2006 2511; x_wconf 87' lang='lat' dir='ltr'>Sieiiiee</span> 
     </span>
     <span class='ocr_line' id='line_1_90' title="bbox 1190 2536 2004 2608; baseline 0.01 -22"><span class='ocrx_word' id='word_1_723' title='bbox 1190 2536 1348 2588; x_wconf 86' lang='lat' dir='ltr'>consistorio</span> <span class='ocrx_word' id='word_1_724' title='bbox 1366 2539 1538 2606; x_wconf 87' lang='lat' dir='ltr'>epprohetem</span> <span class='ocrx_word' id='word_1_725' title='bbox 1555 2536 1637 2591; x_wconf 80' lang='lat' dir='ltr'>inisse</span> <span class='ocrx_word' id='word_1_726' title='bbox 1667 2555 1774 2608; x_wconf 74' lang='lat' dir='ltr'>turgore</span> <span class='ocrx_word' id='word_1_727' title='bbox 1805 2541 1892 2608; x_wconf 71' lang='lat' dir='ltr'>regine</span> <span class='ocrx_word' id='word_1_728' title='bbox 1914 2539 2004 2594; x_wconf 86' lang='lat' dir='ltr'>ouriee</span> 
     </span>
     <span class='ocr_line' id='line_1_91' title="bbox 1189 2620 2001 2686; baseline 0.011 -17"><span class='ocrx_word' id='word_1_729' title='bbox 1189 2620 1362 2686; x_wconf 75' lang='lat' dir='ltr'>senteutiam,</span> <span class='ocrx_word' id='word_1_730' title='bbox 1380 2621 1562 2674; x_wconf 79' lang='lat' dir='ltr'>edmittentesn</span> <span class='ocrx_word' id='word_1_731' title='bbox 1582 2630 1721 2676; x_wconf 84' lang='lat' dir='ltr'>retrectuto</span> <span class='ocrx_word' id='word_1_732' title='bbox 1754 2621 1782 2674; x_wconf 91' lang='lat' dir='ltr'>in</span> <span class='ocrx_word' id='word_1_733' title='bbox 1808 2624 1938 2676; x_wconf 77' lang='lat' dir='ltr'>locatione</span> <span class='ocrx_word' id='word_1_734' title='bbox 1957 2625 2001 2678; x_wconf 76' lang='lat' dir='ltr'>en.</span> 
     </span>
     <span class='ocr_line' id='line_1_92' title="bbox 1183 2699 2002 2768; baseline 0.009 -15"><span class='ocrx_word' id='word_1_735' title='bbox 1183 2699 1240 2768; x_wconf 72' lang='lat' dir='ltr'>iun.</span> <span class='ocrx_word' id='word_1_736' title='bbox 1260 2719 1335 2755; x_wconf 78' lang='lat' dir='ltr'>uerno</span> <span class='ocrx_word' id='word_1_737' title='bbox 1355 2703 1434 2758; x_wconf 78' lang='grc'><strong><em>1633.</em></strong></span> <span class='ocrx_word' id='word_1_738' title='bbox 1455 2713 1562 2758; x_wconf 87' lang='lat' dir='ltr'>testetur</span> <span class='ocrx_word' id='word_1_739' title='bbox 1579 2703 1656 2757; x_wconf 78' lang='lat' dir='ltr'>(iere.</span> <span class='ocrx_word' id='word_1_740' title='bbox 1674 2705 1798 2758; x_wconf 76' lang='lat' dir='ltr'>Mestrill.</span> <span class='ocrx_word' id='word_1_741' title='bbox 1812 2704 1869 2760; x_wconf 86' lang='lat' dir='ltr'>dec·</span> <span class='ocrx_word' id='word_1_742' title='bbox 1884 2707 1960 2762; x_wconf 77' lang='lat' dir='ltr'>Sieii.</span> <span class='ocrx_word' id='word_1_743' title='bbox 1975 2709 2002 2761; x_wconf 83' lang='grc'>1.</span> 
     </span>
     <span class='ocr_line' id='line_1_93' title="bbox 1187 2785 2005 2860; baseline 0.013 -24"><span class='ocrx_word' id='word_1_744' title='bbox 1187 2788 1217 2837; x_wconf 86' lang='lat' dir='ltr'>in</span> <span class='ocrx_word' id='word_1_745' title='bbox 1230 2785 1288 2855; x_wconf 80' lang='lat' dir='ltr'>fin.</span> <span class='ocrx_word' id='word_1_746' title='bbox 1301 2789 1339 2840; x_wconf 86' lang='lat' dir='ltr'>ihi</span> <span class='ocrx_word' id='word_1_747' title='bbox 1358 2788 1457 2842; x_wconf 87' lang='lat' dir='ltr'>ineetin</span> <span class='ocrx_word' id='word_1_748' title='bbox 1473 2797 1500 2841; x_wconf 88' lang='lat' dir='ltr'>et</span> <span class='ocrx_word' id='word_1_749' title='bbox 1518 2787 1656 2842; x_wconf 87' lang='lat' dir='ltr'>conductio</span> <span class='ocrx_word' id='word_1_750' title='bbox 1672 2805 1753 2858; x_wconf 82' lang='lat' dir='ltr'>neque</span> <span class='ocrx_word' id='word_1_751' title='bbox 1771 2792 1918 2860; x_wconf 85' lang='lat' dir='ltr'>reemptio</span> <span class='ocrx_word' id='word_1_752' title='bbox 1944 2809 2005 2846; x_wconf 88' lang='lat' dir='ltr'>ven·</span> 
     </span>
     <span class='ocr_line' id='line_1_94' title="bbox 1187 2870 2004 2946; baseline 0.015 -26"><span class='ocrx_word' id='word_1_753' title='bbox 1187 2870 1256 2923; x_wconf 89' lang='lat' dir='ltr'>ditio</span> <span class='ocrx_word' id='word_1_754' title='bbox 1273 2879 1412 2924; x_wconf 82' lang='lat' dir='ltr'>retructuns</span> <span class='ocrx_word' id='word_1_755' title='bbox 1429 2871 1549 2924; x_wconf 89' lang='lat' dir='ltr'>edmittit</span> <span class='ocrx_word' id='word_1_756' title='bbox 1566 2889 1614 2941; x_wconf 87' lang='lat' dir='ltr'>per</span> <span class='ocrx_word' id='word_1_757' title='bbox 1631 2871 1707 2930; x_wconf 80' lang='lat' dir='ltr'>verbe</span> <span class='ocrx_word' id='word_1_758' title='bbox 1726 2889 1864 2942; x_wconf 74' lang='lat' dir='ltr'>expresse:</span> <span class='ocrx_word' id='word_1_759' title='bbox 1877 2893 1927 2946; x_wconf 82' lang='lat' dir='ltr'>per</span> <span class='ocrx_word' id='word_1_760' title='bbox 1940 2893 2004 2932; x_wconf 82' lang='lat' dir='ltr'>ven·</span> 
     </span>
     <span class='ocr_line' id='line_1_95' title="bbox 1185 2952 1807 3025; baseline 0.005 -18"><span class='ocrx_word' id='word_1_761' title='bbox 1185 2952 1315 3008; x_wconf 76' lang='lat' dir='ltr'>ditionem</span> <span class='ocrx_word' id='word_1_762' title='bbox 1327 2955 1369 3008; x_wconf 83' lang='lat' dir='ltr'>uei</span> <span class='ocrx_word' id='word_1_763' title='bbox 1380 2956 1567 3025; x_wconf 68' lang='lat' dir='ltr'>emphyteusin</span> <span class='ocrx_word' id='word_1_764' title='bbox 1580 2957 1626 3009; x_wconf 84' lang='lat' dir='ltr'>uei</span> <span class='ocrx_word' id='word_1_765' title='bbox 1635 2953 1807 3010; x_wconf 78' lang='lat' dir='ltr'>locationem.</span> 
     </span>
    </p>

    <p class='ocr_par' dir='ltr' id='par_1_9' title="bbox 1181 3037 2008 5122">
     <span class='ocr_line' id='line_1_96' title="bbox 1220 3037 2004 3108; baseline 0.011 -17"><span class='ocrx_word' id='word_1_766' title='bbox 1220 3038 1292 3091; x_wconf 69' lang='lat' dir='ltr'>tutuo</span> <span class='ocrx_word' id='word_1_767' title='bbox 1310 3047 1415 3104; x_wconf 85' lang='lat' dir='ltr'>eutem,</span> <span class='ocrx_word' id='word_1_768' title='bbox 1436 3039 1504 3108; x_wconf 87' lang='lat' dir='ltr'>quod</span> <span class='ocrx_word' id='word_1_769' title='bbox 1535 3039 1568 3090; x_wconf 80' lang='lat' dir='ltr'>tie</span> <span class='ocrx_word' id='word_1_770' title='bbox 1594 3037 1724 3092; x_wconf 88' lang='lat' dir='ltr'>loeelioue</span> <span class='ocrx_word' id='word_1_771' title='bbox 1752 3042 1873 3096; x_wconf 84' lang='lat' dir='ltr'>simulele</span> <span class='ocrx_word' id='word_1_772' title='bbox 1902 3041 2004 3100; x_wconf 77' lang='lat' dir='ltr'>dietum</span> 
     </span>
     <span class='ocr_line' id='line_1_97' title="bbox 1182 3120 2004 3197; baseline 0.01 -24"><span class='ocrx_word' id='word_1_773' title='bbox 1182 3121 1248 3185; x_wconf 81' lang='lat' dir='ltr'>fuit,</span> <span class='ocrx_word' id='word_1_774' title='bbox 1267 3121 1455 3176; x_wconf 84' lang='lat' dir='ltr'>ohsevveutluns</span> <span class='ocrx_word' id='word_1_775' title='bbox 1474 3123 1555 3176; x_wconf 85' lang='lat' dir='ltr'>etiem</span> <span class='ocrx_word' id='word_1_776' title='bbox 1573 3120 1659 3176; x_wconf 87' lang='lat' dir='ltr'>estin</span> <span class='ocrx_word' id='word_1_777' title='bbox 1687 3121 1826 3177; x_wconf 82' lang='lat' dir='ltr'>donetione</span> <span class='ocrx_word' id='word_1_778' title='bbox 1864 3125 2004 3197; x_wconf 73' lang='lat' dir='ltr'>simulate,</span> 
     </span>
     <span class='ocr_line' id='line_1_98' title="bbox 1183 3205 2008 3278; baseline 0.012 -22"><span class='ocrx_word' id='word_1_779' title='bbox 1183 3205 1285 3276; x_wconf 88' lang='lat' dir='ltr'>quendo</span> <span class='ocrx_word' id='word_1_780' title='bbox 1303 3205 1410 3260; x_wconf 88' lang='lat' dir='ltr'>donetio</span> <span class='ocrx_word' id='word_1_781' title='bbox 1428 3206 1562 3261; x_wconf 87' lang='lat' dir='ltr'>eelohrete</span> <span class='ocrx_word' id='word_1_782' title='bbox 1578 3215 1605 3260; x_wconf 91' lang='lat' dir='ltr'>ei</span> <span class='ocrx_word' id='word_1_783' title='bbox 1624 3205 1735 3278; x_wconf 78' lang='lat' dir='ltr'>pertinen</span> <span class='ocrx_word' id='word_1_784' title='bbox 1761 3209 1862 3263; x_wconf 84' lang='lat' dir='ltr'>oeeutte</span> <span class='ocrx_word' id='word_1_785' title='bbox 1892 3211 2008 3266; x_wconf 82' lang='lat' dir='ltr'>solutntn</span> 
     </span>
     <span class='ocr_line' id='line_1_99' title="bbox 1184 3287 2006 3362; baseline 0.01 -22"><span class='ocrx_word' id='word_1_786' title='bbox 1184 3287 1243 3342; x_wconf 85' lang='lat' dir='ltr'>init.</span> <span class='ocrx_word' id='word_1_787' title='bbox 1263 3290 1441 3345; x_wconf 74' lang='lat' dir='ltr'>Praesumitur</span> <span class='ocrx_word' id='word_1_788' title='bbox 1459 3307 1518 3345; x_wconf 94' lang='lat' dir='ltr'>vero</span> <span class='ocrx_word' id='word_1_789' title='bbox 1537 3291 1690 3356; x_wconf 83' lang='lat' dir='ltr'>simuletio,</span> <span class='ocrx_word' id='word_1_790' title='bbox 1708 3292 1733 3344; x_wconf 91' lang='lat' dir='ltr'>si</span> <span class='ocrx_word' id='word_1_791' title='bbox 1757 3303 1853 3362; x_wconf 89' lang='lat' dir='ltr'>pertes</span> <span class='ocrx_word' id='word_1_792' title='bbox 1883 3291 1917 3347; x_wconf 83' lang='lat' dir='ltr'>tie</span> <span class='ocrx_word' id='word_1_793' title='bbox 1946 3313 2006 3350; x_wconf 89' lang='lat' dir='ltr'>ven·</span> 
     </span>
     <span class='ocr_line' id='line_1_100' title="bbox 1182 3372 2006 3443; baseline 0.011 -20"><span class='ocrx_word' id='word_1_794' title='bbox 1182 3372 1267 3425; x_wconf 87' lang='lat' dir='ltr'>dendo</span> <span class='ocrx_word' id='word_1_795' title='bbox 1284 3374 1402 3443; x_wconf 71' lang='lat' dir='ltr'>egerint,</span> <span class='ocrx_word' id='word_1_796' title='bbox 1420 3383 1447 3426; x_wconf 86' lang='lat' dir='ltr'>et</span> <span class='ocrx_word' id='word_1_797' title='bbox 1466 3383 1554 3443; x_wconf 85' lang='lat' dir='ltr'>postes</span> <span class='ocrx_word' id='word_1_798' title='bbox 1573 3375 1601 3426; x_wconf 90' lang='lat' dir='ltr'>in</span> <span class='ocrx_word' id='word_1_799' title='bbox 1620 3373 1770 3428; x_wconf 87' lang='lat' dir='ltr'>continenti</span> <span class='ocrx_word' id='word_1_800' title='bbox 1802 3375 1909 3431; x_wconf 84' lang='lat' dir='ltr'>donello</span> <span class='ocrx_word' id='word_1_801' title='bbox 1939 3376 2006 3432; x_wconf 82' lang='lat' dir='ltr'>iente</span> 
     </span>
     <span class='ocr_line' id='line_1_101' title="bbox 1181 3455 2003 3515; baseline 0.009 -7"><span class='ocrx_word' id='word_1_802' title='bbox 1181 3457 1221 3508; x_wconf 87' lang='lat' dir='ltr'>eei</span> <span class='ocrx_word' id='word_1_803' title='bbox 1239 3455 1304 3509; x_wconf 89' lang='lat' dir='ltr'>elius</span> <span class='ocrx_word' id='word_1_804' title='bbox 1321 3466 1467 3510; x_wconf 81' lang='lat' dir='ltr'>contrectes</span> <span class='ocrx_word' id='word_1_805' title='bbox 1486 3457 1568 3510; x_wconf 90' lang='lat' dir='ltr'>initus</span> <span class='ocrx_word' id='word_1_806' title='bbox 1586 3455 1694 3511; x_wconf 86' lang='lat' dir='ltr'>dicetur.</span> <span class='ocrx_word' id='word_1_807' title='bbox 1714 3458 1743 3510; x_wconf 91' lang='lat' dir='ltr'>Si</span> <span class='ocrx_word' id='word_1_808' title='bbox 1762 3456 1833 3510; x_wconf 85' lang='lat' dir='ltr'>enim</span> <span class='ocrx_word' id='word_1_809' title='bbox 1871 3469 1951 3514; x_wconf 87' lang='lat' dir='ltr'>testes</span> <span class='ocrx_word' id='word_1_810' title='bbox 1970 3461 2003 3515; x_wconf 86' lang='lat' dir='ltr'>de</span> 
     </span>
     <span class='ocr_line' id='line_1_102' title="bbox 1181 3537 2002 3617; baseline 0.011 -27"><span class='ocrx_word' id='word_1_811' title='bbox 1181 3537 1345 3607; x_wconf 88' lang='lat' dir='ltr'>preecedenti</span> <span class='ocrx_word' id='word_1_812' title='bbox 1364 3551 1488 3594; x_wconf 88' lang='lat' dir='ltr'>treetectu</span> <span class='ocrx_word' id='word_1_813' title='bbox 1505 3538 1655 3610; x_wconf 87' lang='lat' dir='ltr'>deponent,</span> <span class='ocrx_word' id='word_1_814' title='bbox 1674 3541 1812 3596; x_wconf 89' lang='lat' dir='ltr'>simuletio</span> <span class='ocrx_word' id='word_1_815' title='bbox 1831 3545 1938 3612; x_wconf 86' lang='lat' dir='ltr'>probsri</span> <span class='ocrx_word' id='word_1_816' title='bbox 1957 3565 2002 3617; x_wconf 91' lang='lat' dir='ltr'>pn·</span> 
     </span>
     <span class='ocr_line' id='line_1_103' title="bbox 1182 3622 2003 3698; baseline 0.007 -24"><span class='ocrx_word' id='word_1_817' title='bbox 1182 3622 1257 3687; x_wconf 90' lang='lat' dir='ltr'>terit,</span> <span class='ocrx_word' id='word_1_818' title='bbox 1276 3624 1320 3676; x_wconf 86' lang='lat' dir='ltr'>Bi.</span> <span class='ocrx_word' id='word_1_819' title='bbox 1334 3623 1364 3677; x_wconf 87' lang='lat' dir='ltr'>in</span> <span class='ocrx_word' id='word_1_820' title='bbox 1373 3623 1393 3674; x_wconf 90' lang='lat' dir='ltr'>i.</span> <span class='ocrx_word' id='word_1_821' title='bbox 1404 3625 1517 3678; x_wconf 87' lang='lat' dir='ltr'>multum</span> <span class='ocrx_word' id='word_1_822' title='bbox 1531 3625 1649 3678; x_wconf 79' lang='lat' dir='ltr'>interese.</span> <span class='ocrx_word' id='word_1_823' title='bbox 1662 3643 1690 3677; x_wconf 87' lang='lat' dir='ltr'>n.</span> <span class='ocrx_word' id='word_1_824' title='bbox 1711 3627 1736 3676; x_wconf 85' lang='grc'>3.</span> <span class='ocrx_word' id='word_1_825' title='bbox 1749 3645 1764 3679; x_wconf 85' lang='grc' dir='ltr'>ι</span> <span class='ocrx_word' id='word_1_826' title='bbox 1784 3629 1810 3681; x_wconf 73' lang='grc' dir='ltr'>ιιο</span> <span class='ocrx_word' id='word_1_827' title='bbox 1821 3628 1940 3698; x_wconf 78' lang='lat' dir='ltr'>quieuit.</span> <span class='ocrx_word' id='word_1_828' title='bbox 1960 3630 2003 3682; x_wconf 82' lang='lat' dir='ltr'>cei</span> 
     </span>
     <span class='ocr_line' id='line_1_104' title="bbox 1182 3703 2006 3787; baseline 0.013 -31"><span class='ocrx_word' id='word_1_829' title='bbox 1182 3703 1230 3758; x_wconf 74' lang='lat' dir='ltr'>rii.</span> <span class='ocrx_word' id='word_1_830' title='bbox 1248 3705 1317 3758; x_wconf 80' lang='lat' dir='ltr'>coni.</span> <span class='ocrx_word' id='word_1_831' title='bbox 1336 3706 1432 3760; x_wconf 79' lang='lat' dir='ltr'>Ludos.</span> <span class='ocrx_word' id='word_1_832' title='bbox 1453 3708 1557 3761; x_wconf 80' lang='lat' dir='ltr'>Postins</span> <span class='ocrx_word' id='word_1_833' title='bbox 1575 3709 1606 3760; x_wconf 77' lang='lat' dir='ltr'>eie</span> <span class='ocrx_word' id='word_1_834' title='bbox 1623 3710 1746 3764; x_wconf 82' lang='lat' dir='ltr'>Suidnet.</span> <span class='ocrx_word' id='word_1_835' title='bbox 1765 3711 1822 3765; x_wconf 82' lang='lat' dir='ltr'>dec.</span> <span class='ocrx_word' id='word_1_836' title='bbox 1857 3716 1917 3768; x_wconf 85' lang='grc'><strong><em>173.</em></strong></span> <span class='ocrx_word' id='word_1_837' title='bbox 1953 3714 2006 3787; x_wconf 80' lang='grc'><strong><em>(1.)</em></strong></span> 
     </span>
     <span class='ocr_line' id='line_1_105' title="bbox 1183 3787 2003 3862; baseline 0.016 -23"><span class='ocrx_word' id='word_1_838' title='bbox 1183 3787 1204 3839; x_wconf 90' lang='lat' dir='ltr'>si</span> <span class='ocrx_word' id='word_1_839' title='bbox 1224 3787 1252 3841; x_wconf 87' lang='lat' dir='ltr'>in</span> <span class='ocrx_word' id='word_1_840' title='bbox 1271 3789 1410 3842; x_wconf 73' lang='lat' dir='ltr'>(inustione</span> <span class='ocrx_word' id='word_1_841' title='bbox 1426 3791 1575 3858; x_wconf 86' lang='lat' dir='ltr'>eppositnrn</span> <span class='ocrx_word' id='word_1_842' title='bbox 1593 3807 1632 3846; x_wconf 90' lang='grc' dir='ltr'>ιιι</span> <span class='ocrx_word' id='word_1_843' title='bbox 1662 3803 1765 3862; x_wconf 84' lang='lat' dir='ltr'>psetcrn</span> <span class='ocrx_word' id='word_1_844' title='bbox 1793 3795 1826 3849; x_wconf 84' lang='lat' dir='ltr'>tle</span> <span class='ocrx_word' id='word_1_845' title='bbox 1844 3799 2003 3862; x_wconf 78' lang='lat' dir='ltr'>vendendo,</span> 
     </span>
     <span class='ocr_line' id='line_1_106' title="bbox 1183 3873 2003 3946; baseline 0.013 -23"><span class='ocrx_word' id='word_1_846' title='bbox 1183 3873 1243 3941; x_wconf 84' lang='lat' dir='ltr'>quie</span> <span class='ocrx_word' id='word_1_847' title='bbox 1262 3873 1393 3928; x_wconf 83' lang='lat' dir='ltr'>indicium</span> <span class='ocrx_word' id='word_1_848' title='bbox 1411 3874 1539 3942; x_wconf 73' lang='lat' dir='ltr'>praehet,</span> <span class='ocrx_word' id='word_1_849' title='bbox 1556 3875 1625 3945; x_wconf 83' lang='lat' dir='ltr'>quoti</span> <span class='ocrx_word' id='word_1_850' title='bbox 1646 3893 1698 3929; x_wconf 88' lang='lat' dir='ltr'>nort</span> <span class='ocrx_word' id='word_1_851' title='bbox 1719 3877 1866 3946; x_wconf 75' lang='lat' dir='ltr'>hebuerit,</span> <span class='ocrx_word' id='word_1_852' title='bbox 1889 3881 2003 3934; x_wconf 76' lang='lat' dir='ltr'>enititum</span> 
     </span>
     <span class='ocr_line' id='line_1_107' title="bbox 1183 3951 2006 4036; baseline 0.017 -30"><span class='ocrx_word' id='word_1_853' title='bbox 1183 3951 1297 4006; x_wconf 82' lang='lat' dir='ltr'>docendi</span> <span class='ocrx_word' id='word_1_854' title='bbox 1306 3957 1437 4023; x_wconf 83' lang='lat' dir='ltr'>eruditor,</span> <span class='ocrx_word' id='word_1_855' title='bbox 1456 3975 1517 4027; x_wconf 69' lang='lat' dir='ltr'>erg.</span> <span class='ocrx_word' id='word_1_856' title='bbox 1530 3957 1555 4010; x_wconf 88' lang='lat' dir='ltr'>i.</span> <span class='ocrx_word' id='word_1_857' title='bbox 1568 3959 1611 4010; x_wconf 87' lang='lat' dir='ltr'>iiii.</span> <span class='ocrx_word' id='word_1_858' title='bbox 1623 3958 1657 4012; x_wconf 84' lang='lat' dir='ltr'>eie</span> <span class='ocrx_word' id='word_1_859' title='bbox 1668 3958 1797 4014; x_wconf 74' lang='lat' dir='ltr'>solution.</span> <span class='ocrx_word' id='word_1_860' title='bbox 1811 3959 1888 4032; x_wconf 84' lang='grc' dir='ltr'>(3)ιί</span> <span class='ocrx_word' id='word_1_861' title='bbox 1902 3981 1943 4017; x_wconf 90' lang='lat' dir='ltr'>res</span> <span class='ocrx_word' id='word_1_862' title='bbox 1957 3983 2006 4036; x_wconf 91' lang='lat' dir='ltr'>pro</span> 
     </span>
     <span class='ocr_line' id='line_1_108' title="bbox 1182 4038 2003 4112; baseline 0.022 -26"><span class='ocrx_word' id='word_1_863' title='bbox 1182 4047 1256 4108; x_wconf 88' lang='lat' dir='ltr'>perte</span> <span class='ocrx_word' id='word_1_864' title='bbox 1272 4038 1416 4104; x_wconf 85' lang='lat' dir='ltr'>vendetur,</span> <span class='ocrx_word' id='word_1_865' title='bbox 1434 4048 1461 4093; x_wconf 88' lang='grc' dir='ltr'>ιι</span> <span class='ocrx_word' id='word_1_866' title='bbox 1479 4058 1528 4109; x_wconf 89' lang='lat' dir='ltr'>pro</span> <span class='ocrx_word' id='word_1_867' title='bbox 1545 4056 1616 4112; x_wconf 89' lang='lat' dir='ltr'>perte</span> <span class='ocrx_word' id='word_1_868' title='bbox 1633 4042 1759 4109; x_wconf 83' lang='lat' dir='ltr'>donetur,</span> <span class='ocrx_word' id='word_1_869' title='bbox 1777 4055 1803 4098; x_wconf 88' lang='grc' dir='ltr'>ιι</span> <span class='ocrx_word' id='word_1_870' title='bbox 1830 4065 1885 4101; x_wconf 89' lang='lat' dir='ltr'>cun</span> <span class='ocrx_word' id='word_1_871' title='bbox 1912 4049 2003 4104; x_wconf 82' lang='lat' dir='ltr'>subest</span> 
     </span>
     <span class='ocr_line' id='line_1_109' title="bbox 1181 4122 1997 4201; baseline 0.015 -27"><span class='ocrx_word' id='word_1_872' title='bbox 1181 4123 1248 4189; x_wconf 78' lang='lat' dir='ltr'>inste</span> <span class='ocrx_word' id='word_1_873' title='bbox 1266 4139 1340 4175; x_wconf 88' lang='lat' dir='ltr'>censs</span> <span class='ocrx_word' id='word_1_874' title='bbox 1357 4122 1522 4188; x_wconf 75' lang='lat' dir='ltr'>donationis,</span> <span class='ocrx_word' id='word_1_875' title='bbox 1541 4141 1598 4194; x_wconf 65' lang='lat' dir='ltr'>urg.</span> <span class='ocrx_word' id='word_1_876' title='bbox 1610 4127 1630 4179; x_wconf 90' lang='lat' dir='ltr'>i.</span> <span class='ocrx_word' id='word_1_877' title='bbox 1641 4143 1691 4194; x_wconf 81' lang='lat' dir='ltr'>pet·</span> <span class='ocrx_word' id='word_1_878' title='bbox 1702 4127 1828 4182; x_wconf 80' lang='lat' dir='ltr'>diuersus.</span> <span class='ocrx_word' id='word_1_879' title='bbox 1852 4148 1912 4186; x_wconf 85' lang='lat' dir='ltr'>cum</span> <span class='ocrx_word' id='word_1_880' title='bbox 1923 4149 1997 4201; x_wconf 79' lang='lat' dir='ltr'>sequ.</span> 
     </span>
     <span class='ocr_line' id='line_1_110' title="bbox 1182 4205 2004 4282; baseline 0.018 -24"><span class='ocrx_word' id='word_1_881' title='bbox 1182 4222 1204 4258; x_wconf 88' lang='grc' dir='ltr'>ι.</span> <span class='ocrx_word' id='word_1_882' title='bbox 1225 4205 1358 4262; x_wconf 71' lang='lat' dir='ltr'>unuani</span> <span class='ocrx_word' id='word_1_883' title='bbox 1386 4208 1465 4260; x_wconf 81' lang='lat' dir='ltr'>Pront</span> <span class='ocrx_word' id='word_1_884' title='bbox 1485 4209 1547 4263; x_wconf 84' lang='lat' dir='ltr'>heco</span> <span class='ocrx_word' id='word_1_885' title='bbox 1567 4223 1592 4265; x_wconf 91' lang='lat' dir='ltr'>et</span> <span class='ocrx_word' id='word_1_886' title='bbox 1609 4212 1709 4267; x_wconf 83' lang='lat' dir='ltr'>similis</span> <span class='ocrx_word' id='word_1_887' title='bbox 1728 4213 1832 4282; x_wconf 76' lang='lat' dir='ltr'>colligit</span> <span class='ocrx_word' id='word_1_888' title='bbox 1851 4217 1949 4271; x_wconf 86' lang='lat' dir='ltr'>dletth.</span> <span class='ocrx_word' id='word_1_889' title='bbox 1970 4219 2004 4274; x_wconf 85' lang='lat' dir='ltr'>tle</span> 
     </span>
     <span class='ocr_line' id='line_1_111' title="bbox 1182 4286 2001 4356; baseline 0.02 -16"><span class='ocrx_word' id='word_1_890' title='bbox 1182 4286 1291 4340; x_wconf 82' lang='lat' dir='ltr'>efflictis</span> <span class='ocrx_word' id='word_1_891' title='bbox 1308 4291 1330 4356; x_wconf 56' lang='lat' dir='ltr'>§e</span> <span class='ocrx_word' id='word_1_892' title='bbox 1348 4289 1376 4341; x_wconf 83' lang='grc'>1.</span> <span class='ocrx_word' id='word_1_893' title='bbox 1393 4307 1422 4344; x_wconf 88' lang='grc' dir='ltr'>ιι.</span> <span class='ocrx_word' id='word_1_894' title='bbox 1441 4292 1484 4344; x_wconf 84' lang='lat' dir='ltr'>tt.</span> <span class='ocrx_word' id='word_1_895' title='bbox 1502 4293 1606 4346; x_wconf 84' lang='lat' dir='ltr'>Titulus</span> <span class='ocrx_word' id='word_1_896' title='bbox 1623 4295 1695 4348; x_wconf 86' lang='lat' dir='ltr'>enirn</span> <span class='ocrx_word' id='word_1_897' title='bbox 1714 4295 1865 4351; x_wconf 89' lang='lat' dir='ltr'>donetionis</span> <span class='ocrx_word' id='word_1_898' title='bbox 1884 4301 1910 4353; x_wconf 89' lang='lat' dir='ltr'>in</span> <span class='ocrx_word' id='word_1_899' title='bbox 1938 4319 2001 4355; x_wconf 90' lang='lat' dir='ltr'>ven·</span> 
     </span>
     <span class='ocr_line' id='line_1_112' title="bbox 1182 4373 2002 4450; baseline 0.02 -26"><span class='ocrx_word' id='word_1_900' title='bbox 1182 4373 1284 4425; x_wconf 85' lang='lat' dir='ltr'>ditione</span> <span class='ocrx_word' id='word_1_901' title='bbox 1301 4373 1375 4428; x_wconf 85' lang='lat' dir='ltr'>velde</span> <span class='ocrx_word' id='word_1_902' title='bbox 1391 4385 1432 4428; x_wconf 92' lang='lat' dir='ltr'>est</span> <span class='ocrx_word' id='word_1_903' title='bbox 1448 4385 1602 4446; x_wconf 85' lang='lat' dir='ltr'>suspectos,</span> <span class='ocrx_word' id='word_1_904' title='bbox 1631 4379 1700 4449; x_wconf 82' lang='lat' dir='ltr'>quud</span> <span class='ocrx_word' id='word_1_905' title='bbox 1731 4381 1862 4450; x_wconf 77' lang='lat' dir='ltr'>elegenter</span> <span class='ocrx_word' id='word_1_906' title='bbox 1891 4384 2002 4440; x_wconf 84' lang='lat' dir='ltr'>deducit</span> 
     </span>
     <span class='ocr_line' id='line_1_113' title="bbox 1182 4453 2002 4540; baseline 0.022 -33"><span class='ocrx_word' id='word_1_907' title='bbox 1182 4455 1236 4510; x_wconf 80' lang='lat' dir='ltr'>ise.</span> <span class='ocrx_word' id='word_1_908' title='bbox 1255 4453 1326 4510; x_wconf 83' lang='lat' dir='ltr'>Curi.</span> <span class='ocrx_word' id='word_1_909' title='bbox 1343 4454 1378 4511; x_wconf 76' lang='lat' dir='ltr'>de</span> <span class='ocrx_word' id='word_1_910' title='bbox 1394 4458 1541 4527; x_wconf 62' lang='lat' dir='ltr'>consecter.</span> <span class='ocrx_word' id='word_1_911' title='bbox 1557 4460 1604 4514; x_wconf 81' lang='lat' dir='ltr'>iii.</span> <span class='ocrx_word' id='word_1_912' title='bbox 1622 4462 1649 4514; x_wconf 88' lang='grc'>3.</span> <span class='ocrx_word' id='word_1_913' title='bbox 1665 4479 1690 4515; x_wconf 86' lang='grc' dir='ltr'>ι.</span> <span class='ocrx_word' id='word_1_914' title='bbox 1707 4463 1734 4516; x_wconf 73' lang='grc'>3.</span> <span class='ocrx_word' id='word_1_915' title='bbox 1752 4475 1817 4520; x_wconf 89' lang='lat' dir='ltr'>tom.</span> <span class='ocrx_word' id='word_1_916' title='bbox 1839 4472 1863 4519; x_wconf 92' lang='lat' dir='ltr'>t.</span> <span class='ocrx_word' id='word_1_917' title='bbox 1877 4469 2002 4540; x_wconf 71' lang='lat' dir='ltr'>illequern</span> 
     </span>
     <span class='ocr_line' id='line_1_114' title="bbox 1182 4538 2002 4620; baseline 0.017 -27"><span class='ocrx_word' id='word_1_918' title='bbox 1182 4557 1283 4611; x_wconf 87' lang='lat' dir='ltr'>quoqne</span> <span class='ocrx_word' id='word_1_919' title='bbox 1301 4538 1400 4595; x_wconf 87' lang='lat' dir='ltr'>ireudis</span> <span class='ocrx_word' id='word_1_920' title='bbox 1417 4552 1445 4597; x_wconf 93' lang='lat' dir='ltr'>et</span> <span class='ocrx_word' id='word_1_921' title='bbox 1462 4542 1640 4598; x_wconf 88' lang='lat' dir='ltr'>simuleticnie</span> <span class='ocrx_word' id='word_1_922' title='bbox 1656 4551 1904 4620; x_wconf 86' lang='lat' dir='ltr'>pressurupticnern</span> <span class='ocrx_word' id='word_1_923' title='bbox 1925 4553 2002 4608; x_wconf 86' lang='lat' dir='ltr'>indn-</span> 
     </span>
     <span class='ocr_line' id='line_1_115' title="bbox 1182 4625 2000 4701; baseline 0.015 -23"><span class='ocrx_word' id='word_1_924' title='bbox 1182 4634 1242 4678; x_wconf 89' lang='lat' dir='ltr'>cunt</span> <span class='ocrx_word' id='word_1_925' title='bbox 1261 4625 1347 4695; x_wconf 85' lang='lat' dir='ltr'>plures</span> <span class='ocrx_word' id='word_1_926' title='bbox 1365 4636 1390 4679; x_wconf 91' lang='lat' dir='ltr'>et</span> <span class='ocrx_word' id='word_1_927' title='bbox 1408 4627 1532 4681; x_wconf 87' lang='lat' dir='ltr'>insolitee</span> <span class='ocrx_word' id='word_1_928' title='bbox 1548 4631 1662 4683; x_wconf 91' lang='lat' dir='ltr'>eeutelee</span> <span class='ocrx_word' id='word_1_929' title='bbox 1679 4633 1850 4689; x_wconf 82' lang='lat' dir='ltr'>contreetibue</span> <span class='ocrx_word' id='word_1_930' title='bbox 1867 4638 2000 4701; x_wconf 84' lang='lat' dir='ltr'>ediectse,</span> 
     </span>
     <span class='ocr_line' id='line_1_116' title="bbox 1183 4707 2001 4776; baseline 0.017 -16"><span class='ocrx_word' id='word_1_931' title='bbox 1183 4707 1304 4762; x_wconf 87' lang='lat' dir='ltr'>iiiusrris.</span> <span class='ocrx_word' id='word_1_932' title='bbox 1322 4711 1368 4764; x_wconf 85' lang='lat' dir='ltr'>tin.</span> <span class='ocrx_word' id='word_1_933' title='bbox 1385 4707 1566 4766; x_wconf 78' lang='lat' dir='ltr'>(iothol&#39;retins</span> <span class='ocrx_word' id='word_1_934' title='bbox 1583 4710 1616 4765; x_wconf 86' lang='lat' dir='ltr'>tie</span> <span class='ocrx_word' id='word_1_935' title='bbox 1635 4716 1701 4769; x_wconf 83' lang='lat' dir='ltr'>Jene</span> <span class='ocrx_word' id='word_1_936' title='bbox 1720 4716 1753 4768; x_wconf 79' lang='lat' dir='ltr'>de</span> <span class='ocrx_word' id='word_1_937' title='bbox 1764 4716 1783 4767; x_wconf 89' lang='lat' dir='ltr'>i.</span> <span class='ocrx_word' id='word_1_938' title='bbox 1794 4724 1965 4776; x_wconf 75' lang='lat' dir='ltr'>comminor.</span> <span class='ocrx_word' id='word_1_939' title='bbox 1977 4715 2001 4776; x_wconf 78' lang='grc'>1.</span> 
     </span>
     <span class='ocr_line' id='line_1_117' title="bbox 1184 4787 1999 4866; baseline 0.025 -27"><span class='ocrx_word' id='word_1_940' title='bbox 1184 4789 1227 4840; x_wconf 76' lang='lat'>22</span> <span class='ocrx_word' id='word_1_941' title='bbox 1238 4791 1267 4844; x_wconf 91' lang='lat' dir='ltr'>in</span> <span class='ocrx_word' id='word_1_942' title='bbox 1270 4787 1330 4858; x_wconf 78' lang='lat' dir='ltr'>fin.</span> <span class='ocrx_word' id='word_1_943' title='bbox 1342 4811 1372 4847; x_wconf 89' lang='lat' dir='ltr'>eo</span> <span class='ocrx_word' id='word_1_944' title='bbox 1391 4793 1449 4862; x_wconf 92' lang='lat' dir='ltr'>ipso</span> <span class='ocrx_word' id='word_1_945' title='bbox 1465 4794 1537 4848; x_wconf 86' lang='lat' dir='ltr'>enirn</span> <span class='ocrx_word' id='word_1_946' title='bbox 1556 4814 1570 4849; x_wconf 93' lang='lat' dir='ltr'>e</span> <span class='ocrx_word' id='word_1_947' title='bbox 1588 4796 1761 4866; x_wconf 87' lang='lat' dir='ltr'>simplicitete</span> <span class='ocrx_word' id='word_1_948' title='bbox 1780 4801 1901 4857; x_wconf 74' lang='lat' dir='ltr'>veritatis</span> <span class='ocrx_word' id='word_1_949' title='bbox 1913 4814 1940 4858; x_wconf 91' lang='grc' dir='ltr'>ιι</span> <span class='ocrx_word' id='word_1_950' title='bbox 1953 4807 1999 4863; x_wconf 86' lang='lat' dir='ltr'>bn·</span> 
     </span>
     <span class='ocr_line' id='line_1_118' title="bbox 1184 4871 2000 4958; baseline 0.018 -30"><span class='ocrx_word' id='word_1_951' title='bbox 1184 4890 1232 4928; x_wconf 88' lang='lat' dir='ltr'>nee</span> <span class='ocrx_word' id='word_1_952' title='bbox 1249 4871 1313 4929; x_wconf 83' lang='lat' dir='ltr'>fidei</span> <span class='ocrx_word' id='word_1_953' title='bbox 1331 4879 1472 4942; x_wconf 87' lang='lat' dir='ltr'>receditur,</span> <span class='ocrx_word' id='word_1_954' title='bbox 1491 4889 1517 4932; x_wconf 93' lang='lat' dir='ltr'>et</span> <span class='ocrx_word' id='word_1_955' title='bbox 1533 4875 1651 4933; x_wconf 83' lang='lat' dir='ltr'>fictionis</span> <span class='ocrx_word' id='word_1_956' title='bbox 1675 4883 1839 4951; x_wconf 86' lang='lat' dir='ltr'>suspiciones</span> <span class='ocrx_word' id='word_1_957' title='bbox 1870 4890 2000 4958; x_wconf 81' lang='lat' dir='ltr'>multipli-</span> 
     </span>
     <span class='ocr_line' id='line_1_119' title="bbox 1183 4961 2000 5038; baseline 0.02 -27"><span class='ocrx_word' id='word_1_958' title='bbox 1183 4970 1282 5013; x_wconf 87' lang='lat' dir='ltr'>centur.</span> <span class='ocrx_word' id='word_1_959' title='bbox 1296 4961 1327 5012; x_wconf 83' lang='lat' dir='ltr'>Et</span> <span class='ocrx_word' id='word_1_960' title='bbox 1340 4962 1457 5031; x_wconf 83' lang='lat' dir='ltr'>quemvis</span> <span class='ocrx_word' id='word_1_961' title='bbox 1469 4963 1604 5016; x_wconf 86' lang='lat' dir='ltr'>ebundens</span> <span class='ocrx_word' id='word_1_962' title='bbox 1615 4969 1712 5022; x_wconf 89' lang='lat' dir='ltr'>nenteie</span> <span class='ocrx_word' id='word_1_963' title='bbox 1721 4985 1772 5022; x_wconf 91' lang='lat' dir='ltr'>non</span> <span class='ocrx_word' id='word_1_964' title='bbox 1793 4985 1896 5038; x_wconf 68' lang='lat' dir='ltr'>noccete</span> <span class='ocrx_word' id='word_1_965' title='bbox 1917 4972 1944 5025; x_wconf 87' lang='lat' dir='ltr'>td</span> <span class='ocrx_word' id='word_1_966' title='bbox 1964 4984 2000 5027; x_wconf 86' lang='lat' dir='ltr'>te-</span> 
     </span>
     <span class='ocr_line' id='line_1_120' title="bbox 1185 5042 1999 5122; baseline 0.02 -26"><span class='ocrx_word' id='word_1_967' title='bbox 1185 5061 1243 5098; x_wconf 90' lang='lat' dir='ltr'>ruen</span> <span class='ocrx_word' id='word_1_968' title='bbox 1262 5042 1332 5096; x_wconf 86' lang='lat' dir='ltr'>tnttt</span> <span class='ocrx_word' id='word_1_969' title='bbox 1348 5045 1376 5098; x_wconf 91' lang='lat' dir='ltr'>in</span> <span class='ocrx_word' id='word_1_970' title='bbox 1394 5047 1496 5099; x_wconf 84' lang='lat' dir='ltr'>entibus</span> <span class='ocrx_word' id='word_1_971' title='bbox 1512 5047 1546 5100; x_wconf 83' lang='lat' dir='ltr'>tie</span> <span class='ocrx_word' id='word_1_972' title='bbox 1562 5047 1653 5102; x_wconf 82' lang='lat' dir='ltr'>i&#39;reude</span> <span class='ocrx_word' id='word_1_973' title='bbox 1670 5053 1813 5122; x_wconf 88' lang='lat' dir='ltr'>suspectis,</span> <span class='ocrx_word' id='word_1_974' title='bbox 1839 5055 1955 5110; x_wconf 80' lang='lat' dir='ltr'>roerirne</span> <span class='ocrx_word' id='word_1_975' title='bbox 1973 5061 1999 5112; x_wconf 91' lang='lat' dir='ltr'>si</span> 
     </span>
    </p>
   </div>
   <div class='ocr_carea' id='block_1_6' title="bbox 1183 5127 1999 5364">
    <p class='ocr_par' dir='ltr' id='par_1_10' title="bbox 1183 5127 1999 5364">
     <span class='ocr_line' id='line_1_121' title="bbox 1183 5127 1997 5209; baseline 0.017 -31"><span class='ocrx_word' id='word_1_976' title='bbox 1183 5128 1292 5181; x_wconf 85' lang='lat' dir='ltr'>ceutelee</span> <span class='ocrx_word' id='word_1_977' title='bbox 1309 5129 1432 5184; x_wconf 87' lang='lat' dir='ltr'>insolitee</span> <span class='ocrx_word' id='word_1_978' title='bbox 1447 5127 1561 5194; x_wconf 76' lang='lat' dir='ltr'>ediectse</span> <span class='ocrx_word' id='word_1_979' title='bbox 1579 5143 1652 5195; x_wconf 89' lang='lat' dir='ltr'>suot,</span> <span class='ocrx_word' id='word_1_980' title='bbox 1669 5133 1729 5203; x_wconf 83' lang='lat' dir='ltr'>quie</span> <span class='ocrx_word' id='word_1_981' title='bbox 1748 5135 1853 5189; x_wconf 81' lang='lat' dir='ltr'>incolite</span> <span class='ocrx_word' id='word_1_982' title='bbox 1868 5141 1997 5209; x_wconf 85' lang='lat' dir='ltr'>sospicio-</span> 
     </span>
     <span class='ocr_line' id='line_1_122' title="bbox 1183 5213 1998 5284; baseline 0.009 -20"><span class='ocrx_word' id='word_1_983' title='bbox 1183 5229 1244 5264; x_wconf 88' lang='lat' dir='ltr'>nem</span> <span class='ocrx_word' id='word_1_984' title='bbox 1263 5213 1387 5281; x_wconf 86' lang='lat' dir='ltr'>periunt,</span> <span class='ocrx_word' id='word_1_985' title='bbox 1403 5223 1429 5266; x_wconf 89' lang='lat' dir='ltr'>et</span> <span class='ocrx_word' id='word_1_986' title='bbox 1448 5217 1683 5284; x_wconf 71' lang='lat' dir='ltr'>praesumptionem</span> <span class='ocrx_word' id='word_1_987' title='bbox 1711 5218 1817 5271; x_wconf 88' lang='lat' dir='ltr'>letentis</span> <span class='ocrx_word' id='word_1_988' title='bbox 1837 5219 1937 5276; x_wconf 84' lang='lat' dir='ltr'>lreutlis</span> <span class='ocrx_word' id='word_1_989' title='bbox 1966 5245 1998 5276; x_wconf 83' lang='lat' dir='ltr'>e.</span> 
     </span>
     <span class='ocr_line' id='line_1_123' title="bbox 1183 5295 1999 5364; baseline 0.011 -18"><span class='ocrx_word' id='word_1_990' title='bbox 1183 5295 1252 5348; x_wconf 91' lang='lat' dir='ltr'>iunt.</span> <span class='ocrx_word' id='word_1_991' title='bbox 1268 5295 1297 5350; x_wconf 86' lang='lat' dir='ltr'>Si</span> <span class='ocrx_word' id='word_1_992' title='bbox 1317 5295 1403 5364; x_wconf 83' lang='lat' dir='ltr'>iisqne</span> <span class='ocrx_word' id='word_1_993' title='bbox 1420 5305 1564 5350; x_wconf 82' lang='lat' dir='ltr'>contrectes</span> <span class='ocrx_word' id='word_1_994' title='bbox 1582 5296 1615 5350; x_wconf 91' lang='lat' dir='ltr'>de</span> <span class='ocrx_word' id='word_1_995' title='bbox 1632 5297 1723 5352; x_wconf 84' lang='lat' dir='ltr'>irensie</span> <span class='ocrx_word' id='word_1_996' title='bbox 1739 5309 1768 5350; x_wconf 89' lang='lat' dir='ltr'>et</span> <span class='ocrx_word' id='word_1_997' title='bbox 1784 5299 1950 5359; x_wconf 72' lang='lat' dir='ltr'>simulatione</span> <span class='ocrx_word' id='word_1_998' title='bbox 1961 5309 1999 5362; x_wconf 80' lang='lat' dir='ltr'>eit</span> 
     </span>
    </p>
   </div>
   <div class='ocr_carea' id='block_1_7' title="bbox 1183 5377 1997 5540">
    <p class='ocr_par' dir='ltr' id='par_1_11' title="bbox 1183 5377 1997 5540">
     <span class='ocr_line' id='line_1_124' title="bbox 1183 5377 1997 5458; baseline 0.022 -32"><span class='ocrx_word' id='word_1_999' title='bbox 1183 5385 1335 5446; x_wconf 87' lang='lat' dir='ltr'>suspectus,</span> <span class='ocrx_word' id='word_1_1000' title='bbox 1352 5393 1385 5430; x_wconf 79' lang='lat' dir='ltr'>ex</span> <span class='ocrx_word' id='word_1_1001' title='bbox 1409 5377 1541 5430; x_wconf 88' lang='lat' dir='ltr'>communi</span> <span class='ocrx_word' id='word_1_1002' title='bbox 1569 5377 1619 5432; x_wconf 84' lang='lat' dir='ltr'>ieri</span> <span class='ocrx_word' id='word_1_1003' title='bbox 1649 5390 1675 5432; x_wconf 91' lang='lat' dir='ltr'>et</span> <span class='ocrx_word' id='word_1_1004' title='bbox 1703 5381 1818 5435; x_wconf 83' lang='lat' dir='ltr'>lnoornrn</span> <span class='ocrx_word' id='word_1_1005' title='bbox 1840 5386 1997 5458; x_wconf 85' lang='lat' dir='ltr'>pierumque</span> 
     </span>
     <span class='ocr_line' id='line_1_125' title="bbox 1183 5459 1996 5540; baseline 0.007 -29"><span class='ocrx_word' id='word_1_1006' title='bbox 1183 5459 1303 5521; x_wconf 88' lang='lat' dir='ltr'>rtetutis,</span> <span class='ocrx_word' id='word_1_1007' title='bbox 1322 5469 1351 5513; x_wconf 91' lang='lat' dir='ltr'>ot</span> <span class='ocrx_word' id='word_1_1008' title='bbox 1368 5471 1394 5511; x_wconf 91' lang='lat' dir='ltr'>et</span> <span class='ocrx_word' id='word_1_1009' title='bbox 1413 5477 1443 5515; x_wconf 80' lang='lat' dir='ltr'>cr</span> <span class='ocrx_word' id='word_1_1010' title='bbox 1462 5461 1647 5516; x_wconf 82' lang='lat' dir='ltr'>constitutione</span> <span class='ocrx_word' id='word_1_1011' title='bbox 1671 5462 1818 5527; x_wconf 77' lang='lat' dir='ltr'>Friderici,</span> <span class='ocrx_word' id='word_1_1012' title='bbox 1849 5485 1897 5538; x_wconf 87' lang='lat' dir='ltr'>pet·</span> <span class='ocrx_word' id='word_1_1013' title='bbox 1924 5473 1996 5540; x_wconf 73' lang='lat' dir='ltr'>jue..</span> 
     </span>
    </p>
   </div>
   <div class='ocr_carea' id='block_1_8' title="bbox 323 5533 2004 5710">
    <p class='ocr_par' dir='ltr' id='par_1_12' title="bbox 323 5533 2004 5710">
     <span class='ocr_line' id='line_1_126' title="bbox 323 5533 2004 5612; baseline 0.012 -24"><span class='ocrx_word' id='word_1_1014' title='bbox 323 5533 643 5588; x_wconf 87' lang='lat' dir='ltr'>conventionisterrniuos</span> <span class='ocrx_word' id='word_1_1015' title='bbox 661 5537 795 5590; x_wconf 82' lang='lat' dir='ltr'>coustituit</span> <span class='ocrx_word' id='word_1_1016' title='bbox 814 5537 863 5603; x_wconf 91' lang='lat' dir='ltr'>ite,</span> <span class='ocrx_word' id='word_1_1017' title='bbox 881 5551 906 5592; x_wconf 91' lang='lat' dir='ltr'>ot</span> <span class='ocrx_word' id='word_1_1018' title='bbox 925 5539 1135 5594; x_wconf 83' lang='lat' dir='ltr'>illicentrortue</span> <span class='ocrx_word' id='word_1_1019' title='bbox 1185 5554 1297 5594; x_wconf 88' lang='lat' dir='ltr'>mentum</span> <span class='ocrx_word' id='word_1_1020' title='bbox 1317 5553 1446 5612; x_wconf 82' lang='lat' dir='ltr'>temqueru</span> <span class='ocrx_word' id='word_1_1021' title='bbox 1470 5545 1602 5612; x_wconf 74' lang='lat' dir='ltr'>legitimos</span> <span class='ocrx_word' id='word_1_1022' title='bbox 1633 5549 1753 5603; x_wconf 86' lang='lat' dir='ltr'>leemites</span> <span class='ocrx_word' id='word_1_1023' title='bbox 1775 5551 2004 5608; x_wconf 79' lang='lat' dir='ltr'>celumnientium</span> 
     </span>
     <span class='ocr_line' id='line_1_127' title="bbox 325 5583 1996 5710; baseline 0.012 -36"><span class='ocrx_word' id='word_1_1024' title='bbox 325 5635 496 5690; x_wconf 78' lang='lat' dir='ltr'>neququam</span> <span class='ocrx_word' id='word_1_1025' title='bbox 518 5616 571 5674; x_wconf 83' lang='lat' dir='ltr'>eibi</span> <span class='ocrx_word' id='word_1_1026' title='bbox 591 5615 707 5676; x_wconf 75' lang='lat' dir='ltr'>inuicem</span> <span class='ocrx_word' id='word_1_1027' title='bbox 723 5619 892 5676; x_wconf 80' lang='lat' dir='ltr'>miscerentur.</span> <span class='ocrx_word' id='word_1_1028' title='bbox 913 5622 1010 5678; x_wconf 82' lang='lat' dir='ltr'>Vernus</span> <span class='ocrx_word' id='word_1_1029' title='bbox 1029 5623 1058 5674; x_wconf 90' lang='lat' dir='ltr'>in</span> <span class='ocrx_word' id='word_1_1030' title='bbox 1077 5629 1126 5673; x_wconf 93' lang='lat' dir='ltr'>ter·</span> <span class='ocrx_word' id='word_1_1031' title='bbox 1153 5583 1336 5697; x_wconf 86' lang='lat' dir='ltr'>¹iniquitetes</span> <span class='ocrx_word' id='word_1_1032' title='bbox 1353 5628 1536 5700; x_wconf 79' lang='lat' dir='ltr'>expelluntur,</span> <span class='ocrx_word' id='word_1_1033' title='bbox 1554 5627 1725 5708; x_wconf 74' lang='lat' dir='ltr'>frendensque</span> <span class='ocrx_word' id='word_1_1034' title='bbox 1754 5645 1781 5690; x_wconf 92' lang='lat' dir='ltr'>et</span> <span class='ocrx_word' id='word_1_1035' title='bbox 1804 5635 1894 5693; x_wconf 84' lang='lat' dir='ltr'>dolum</span> <span class='ocrx_word' id='word_1_1036' title='bbox 1919 5657 1996 5710; x_wconf 83' lang='lat' dir='ltr'>pree·</span> 
     </span>
    </p>
   </div>
   <div class='ocr_carea' id='block_1_9' title="bbox 0 0 2208 6164">
    <p class='ocr_par' dir='ltr' id='par_1_13' title="bbox 0 0 2208 6164">
     <span class='ocr_line' id='line_1_128' title="bbox 0 0 2208 6164; baseline 0 0"><span class='ocrx_word' id='word_1_1037' title='bbox 0 0 2208 6164; x_wconf 95' lang='lat' dir='ltr'> </span> 
     </span>
    </p>
   </div>
  </div>
 </body>
</html>
