4450 6220
372 441 426 502 317
912 441 1100 501 mssurt'r.
1119 445 1219 504 xvsst.
1237 445 1354 502 CAPUT
1373 441 1420 502 111.
1903 445 1956 499 dl!

319 540 439 592 monitus
458 537 624 608 emphyteuta
649 555 774 592 moenem
794 537 887 604 dedit,
912 550 975 594 tune
1002 551 1088 594 manet
1112 540 1140 591 in
1191 563 1249 600 cum
1277 543 1326 598 hoe
1352 545 1380 596 in
1404 559 1480 613 passu
1505 555 1577 598 mara
1599 541 1782 613 emphyteutae
1806 542 1932 612 imputari
1957 559 2014 596 nora

318 621 482 691 emphyteusi
501 637 533 674 ex
552 627 691 691 aequitate,
708 633 735 675 et
753 624 786 676 ita
805 641 960 693 responsum
980 622 1073 677 scribit
1091 623 1137 675 dn.
1193 628 1290 698 possit,
1310 629 1355 682 sed
1374 629 1427 682 sibi
1446 630 1577 696 imputare
1597 628 1675 682 debet
1693 627 1833 691 dominus,
1850 629 1922 694 quod
1944 641 2008 695 pen·

284 693 301 747 θ
319 703 407 756 Eahn.
425 706 464 758 ad
485 707 606 759 Wesend.
625 705 663 758 tit.
681 707 707 758 si
723 723 789 777 ager
805 709 896 779 uectip.
909 710 979 760 linio
990 709 1137 777 quaestioni
1192 714 1292 766 sionem
1312 714 1458 782 negleterit
1476 714 1495 765 1.
1513 714 1537 764 2.
1556 713 1584 765 in
1596 713 1627 782 f
1645 709 2013 781 e.dey'ur.empdyt.1.⁹.e.·

317 787 406 844 aleina
424 799 463 842 est
479 787 542 840 baec
559 791 747 842 controuersia:
767 809 799 844 au
818 808 855 844 sc.
880 792 1003 844 domiuus
1029 795 1138 864 emphy·
1190 797 1222 849 de
1233 797 1314 850 solus.
1326 797 1344 848 l.
1356 808 1491 864 acceptum
1505 797 1547 847 19.
1559 813 1582 848 e.
1594 795 1627 848 de
1643 811 1717 850 usur.
1739 809 1803 864 quae
1822 795 1892 863 leges
1910 792 2012 846 laeinnl

319 878 423 926 lenaeus
441 889 503 926 ausu
523 873 630 945 proprio
654 891 778 929 canonem
804 893 856 930 nun
882 879 1026 931 solventem
1053 879 1140 947 expel-
1192 881 1353 934 mentionem
1371 883 1449 934 etiam
1468 881 1675 950 obsigustionis,
1700 879 1763 931 bine
1781 879 1877 931 nudam
1898 878 2012 931 oblatio·

321 955 376 1008 lere
393 955 478 1024 possit
495 956 590 1026 absque
609 958 703 1026 judicis
721 960 847 1013 decreto?
872 963 929 1015 lloc
952 971 1061 1030 negatur
1079 979 1139 1032 arg.
1191 983 1249 1017 nem
1269 967 1312 1018 uix
1330 965 1461 1036 impedire
1477 966 1644 1019 audacitatem
1663 963 1797 1017 concludit
1817 965 1893 1016 Zoes.
1911 963 1950 1016 od
1971 961 2011 1014 sie.

324 1039 343 1091 1.
362 1041 388 1092 3.
412 1059 435 1094 c.
452 1038 484 1094 de
499 1041 608 1113 pigner.
628 1044 645 1095 1.
668 1047 710 1097 13.
719 1043 761 1112 ff.
779 1047 854 1115 quod
872 1057 934 1100 met.
952 1063 1026 1098 cnns.
1044 1047 1062 1098 1.
1079 1048 1141 1099 133.
1191 1049 1271 1102 locut.
1289 1066 1316 1100 n.
1334 1049 1378 1100 33.
1400 1051 1487 1102 Perea.
1506 1049 1535 1102 in
1548 1065 1571 1102 e.
1584 1048 1617 1099 de
1635 1048 1694 1120 jur.
1719 1035 2050 1116 emphyteutici

312 1119 355 1192 ff.
373 1121 407 1178 de
424 1143 446 1179 r.
457 1125 485 1198 j.
503 1142 551 1177 nec
572 1126 646 1180 tollet
663 1127 729 1180 haue
742 1130 896 1198 opinionem
916 1131 933 1182 1.
953 1129 979 1180 2.
997 1147 1019 1181 c.
1037 1131 1070 1181 de
1085 1130 1139 1199 y'ur.
1190 1149 1251 1185 sero
1269 1135 1414 1201 periculum
1433 1132 1585 1186 amissionis
1603 1135 1684 1185 evitet
1702 1132 1747 1192 ita,
1770 1132 1792 1182 si
1812 1130 1900 1197 elapso
1913 1136 2008 1181 statuto

321 1207 436 1278 smpdyt.
455 1209 499 1261 nbi
517 1209 647 1278 expellere
665 1210 728 1264 licet
746 1212 854 1265 domino
871 1213 1074 1283 emphyteutam·
1089 1214 1141 1265 Sed
1191 1226 1216 1267 et
1233 1216 1350 1283 legitimo
1369 1227 1484 1285 tempore
1502 1215 1639 1284 pecuniam
1658 1213 1779 1265 celeriter
1796 1208 1905 1274 oderat,
1924 1209 2012 1264 adhue

313 1293 430 1356 ,verbum
450 1295 580 1362 expellere
600 1295 634 1348 ad
653 1295 720 1362 juris
739 1295 900 1350 intellectum
925 1295 1022 1350 reieeri
1047 1296 1140 1361 debet,
1191 1298 1398 1368 subjungendum
1416 1310 1547 1369 superest.
1565 1298 1598 1351 Et
1624 1311 1723 1350 moram
1742 1295 1851 1364 purgari
1871 1311 1946 1364 posse
1970 1307 2010 1343 oe·
2047 1333 2049 1338 .

320 1377 483 1448 proindeque
501 1394 553 1430 non
572 1378 730 1447 corporalem
749 1381 905 1448 ejectionem
925 1376 1072 1449 signifieat,
1097 1379 1141 1433 aed
1190 1383 1240 1436 leri
1260 1383 1393 1454 pensionis
1405 1384 1540 1436 oblatione
1553 1383 1580 1434 in
1594 1381 1763 1452 emphyteusi
1778 1380 1953 1433 ecelesiastica
1965 1393 2012 1429 ex·

322 1460 469 1530 legitimam
489 1463 689 1534 expulsionem,
705 1481 770 1533 quae
787 1481 840 1518 uon
857 1463 890 1518 fit
907 1465 938 1518 de
952 1465 1028 1530 iacto,
1041 1463 1087 1518 sed
1099 1463 1141 1518 ad·
1192 1469 1310 1538 pediturn
1330 1477 1371 1521 est
1389 1485 1436 1538 per
1454 1489 1475 1522 e·
1486 1463 1619 1538 potuitfi
1632 1483 1662 1518 a.
1676 1464 1709 1518 de
1721 1465 1804 1517 locet.
1817 1481 1842 1518 a.
1865 1463 1919 1516 ιιιίι·
1934 1461 2014 1516 celeri

323 1542 411 1598 hibita
429 1545 524 1615 judicis
542 1547 707 1612 auctoritate,
725 1557 752 1601 et
770 1566 817 1619 per
837 1549 951 1602 remedie
970 1551 1053 1618 juris,
1070 1567 1142 1602 eom·
1191 1552 1389 1618 sutisfisets'one.
1413 1551 1481 1604 Num
1501 1568 1526 1604 r.
1545 1552 1613 1602 idem
1641 1549 1760 1602 obtineat
1788 1549 1818 1600 in
1845 1545 2014 1616 emprtensi

321 1639 493 1701 petentesque
510 1635 635 1685 actiones·
654 1633 710 1684 Hae
728 1631 847 1685 adhibita
866 1633 1036 1686 distinetione
1060 1634 1141 1686 etiam
1194 1637 1309 1703 priuata,
1329 1637 1360 1687 de
1378 1653 1409 1687 eo
1428 1636 1483 1688 aidi
1503 1634 1547 1686 dd.
1565 1634 1744 1696 haesitantes,
1763 1641 1791 1685 et
1815 1628 2014 1702 apprehenden-

322 1724 458 1771 evanescet
475 1715 493 1767 l.
512 1715 555 1766 31.
574 1718 598 1782 5.
618 1721 643 1766 1.
653 1713 694 1782 ff.
711 1717 793 1770 locut.
811 1715 828 1766 1.
849 1717 874 1768 3.
894 1731 918 1770 e.
942 1716 975 1768 de
998 1717 1081 1771 locat.
1102 1717 1143 1770 Si·
1185 1719 1255 1770 dam
1272 1733 1328 1770 ease
1346 1734 1403 1769 eam
1422 1717 1576 1770 senteutiam
1595 1716 1668 1780 duxi,
1681 1717 1750 1784 quod
1766 1732 1840 1768 mora
1860 1715 2013 1784 neutiquam

323 1799 376 1852 cuti
397 1801 481 1852 soluto
500 1800 670 1849 matrimonio
686 1799 776 1850 desad
790 1801 929 1852 mulierem
943 1818 1042 1871 quoque
1062 1819 1143 1857 rerer·
1193 1801 1222 1854 iu
1241 1801 1404 1870 emphyteusi
1424 1801 1523 1869 priuata
1542 1801 1647 1869 purgari
1669 1799 1764 1866 possit,
1782 1799 1844 1865 quia
1857 1796 1903 1848 ubi
1918 1798 2012 1851 dieses

324 1883 409 1950 titur,
427 1889 455 1934 et
472 1899 528 1935 eam
546 1880 683 1934 sindieare
709 1893 810 1951 potest,
828 1881 845 1933 1.
867 1885 909 1936 33.
928 1903 952 1936 ι.
970 1885 1003 1936 de
1016 1888 1069 1954 y'ur.
1088 1889 1142 1940 dos.
1192 1903 1273 1955 poena
1293 1889 1350 1953 ipso
1362 1888 1419 1953 jore
1438 1885 1601 1954 imponitur,
1622 1883 1660 1934 ibi
1680 1895 1764 1934 cessat
1785 1899 1874 1935 morae
1895 1883 2013 1951 purgatio

322 1968 433 2038 propria
450 1975 539 2018 tamen
556 1965 701 2018 auctoritate
721 1982 776 2017 eam
795 1965 898 2020 auferre
917 1968 961 2021 rix
980 1971 1141 2037 permissum
1192 1971 1210 2020 1.
1225 1968 1314 2037 suff.
1328 1969 1360 2021 de
1372 1967 1489 2022 condiet.
1500 1967 1589 2021 tacet.
1605 1969 1625 2021 1.
1640 1969 1682 2020 13.
1687 1965 1728 2034 ff.
1741 1969 1774 2020 de
1787 1967 1835 2036 leg.
1855 1968 1880 2018 2.
1893 1967 1913 2018 1.
1925 1967 1969 2017 23.
1972 1963 2014 2035 ff

322 2049 377 2104 erit
390 2049 465 2102 uxori
483 2049 501 2099 1.
522 2047 549 2100 ii.
566 2065 588 2100 c.
601 2049 681 2102 sotus.
694 2059 774 2102 matr.
788 2048 822 2103 Et
839 2051 907 2118 quud
922 2053 1077 2117 maximum,
1092 2055 1143 2120 juri
1192 2053 1224 2106 de
1236 2071 1262 2106 o.
1275 2063 1301 2106 et
1313 2072 1339 2106 ιι.
1351 2053 1368 2104 1.
1386 2053 1427 2106 12.
1441 2070 1461 2106 e.
1476 2053 1507 2104 de
1518 2053 1644 2105 enrstrola.
1653 2063 1680 2106 et
1688 2053 1807 2105 commit.
1817 2053 1877 2119 stip
1888 2052 1906 2104 1.
1919 2053 1964 2104 23.
1969 2049 2012 2118 ffi

325 2135 465 2188 admodum
484 2143 522 2186 est
539 2132 676 2197 odiosum,
695 2135 804 2206 proprio
822 2153 885 2188 ausu
911 2137 962 2189 sibi
982 2141 1022 2204 jus
1040 2139 1142 2204 dicere,
1191 2139 1225 2192 de
1237 2147 1331 2208 recept.
1344 2137 1422 2190 arbit.
1435 2155 1491 2206 ary.
1505 2138 1524 2190 1.
1540 2142 1567 2190 1.
1579 2153 1653 2191 uera.
1677 2134 1823 2204 nisijltrte
1831 2135 1872 2205 ffi
1885 2138 1918 2190 de
1938 2155 2013 2206 penas

326 2232 351 2275 et
368 2223 403 2276 ita
421 2221 516 2289 judicis
534 2215 653 2272 officium
674 2223 815 2290 negligere,
835 2222 936 2291 privato
949 2223 1020 2276 enim
1037 2241 1088 2276 nors
1101 2224 1143 2276 de·
1192 2223 1272 2292 legat.
1285 2224 1371 2276 immo
1382 2224 1445 2292 quid
1460 2223 1568 2291 disagor
1592 2224 1647 2292 ipsa
1660 2222 1680 2275 1.
1693 2223 1719 2276 2.
1730 2217 1794 2288 inst
1808 2239 1830 2274 c.
1844 2222 1877 2274 de
1884 2223 1939 2291 y'nr.
1956 2241 2012 2275 em·

324 2306 369 2360 bet
386 2305 474 2368 licere,
491 2304 542 2358 sibi
562 2303 713 2371 adjudicare
732 2323 786 2358 rem
806 2307 825 2358 1.
847 2308 907 2358 173.
924 2310 958 2363 de
977 2323 999 2360 r.
1009 2326 1036 2381 J
1051 2318 1078 2360 et
1094 2317 1142 2359 tot.
1189 2309 1264 2374 pist.
1282 2307 1388 2369 innuit,
1412 2306 1481 2374 quod
1507 2309 1675 2378 emphyteuta
1705 2308 1879 2378 praeterlapao
1902 2309 2016 2361 triennio

326 2389 368 2444 tit.
384 2407 407 2442 c.
427 2407 462 2444 ue
481 2389 538 2458 quis
556 2391 586 2441 in
603 2409 653 2444 aua
669 2408 743 2444 caus.
756 2389 860 2464 judicet
878 2402 927 2446 etc.
954 2392 1093 2447 Borchold.
1111 2393 1145 2448 de
1193 2391 1249 2460 ipso
1266 2392 1323 2458 jure
1339 2390 1416 2441 cadat
1433 2407 1463 2443 re
1480 2407 1536 2444 sua.
1556 2393 1585 2445 Si
1606 2408 1635 2444 ιι.
1656 2393 1706 2444 hoc
1731 2407 1823 2444 sertim
1841 2401 1896 2454 est,
1914 2393 1951 2443 nti
1969 2411 2013 2448 sc·

315 2473 388 2544 s.s.
407 2475 435 2524 3.
452 2493 480 2526 ιι.
501 2474 526 2524 3.
546 2475 661 2542 Herppr.
679 2474 718 2529 ed
733 2477 758 2528 d.
776 2473 799 2546 5.
820 2477 845 2530 3.
865 2495 892 2528 ιι.
913 2477 975 2529 1123.
989 2478 1141 2529 Dnstrm.
1192 2491 1249 2528 rum
1268 2492 1325 2528 esse
1340 2469 1456 2527 firmiter
1474 2487 1543 2544 poto,
1561 2476 1691 2545 sequitur,
1713 2476 1827 2531 inaniter
1844 2477 2014 2532 conteritcm-

326 2574 418 2612 eaeerc.
436 2554 534 2610 11.11ι.
553 2558 596 2608 73.
616 2555 725 2626 lllagnii.
746 2556 791 2612 dn.
814 2557 991 2612 Brunneman.
1018 2557 1057 2610 nd
1085 2559 1143 2612 We·
1194 2577 1240 2631 pus
1258 2559 1336 2612 anxie
1354 2559 1511 2628 disquirere,
1530 2577 1564 2612 an
1585 2577 1683 2612 moram
1702 2559 2013 2629 effluxoleqitimotem·

327 2643 400 2700 send.
419 2641 459 2696 tit.
476 2641 502 2696 si
518 2660 584 2713 ager
600 2642 697 2713 castig.
709 2655 812 2713 queat.
826 2644 870 2696 21.
883 2643 950 2697 etad
964 2644 1084 2697 eumdem
1098 2646 1143 2697 du.
1194 2661 1257 2714 pore
1274 2645 1333 2713 quis
1351 2656 1461 2714 purgare
1479 2645 1563 2712 possit
1580 2641 1722 2696 Borchold.
1743 2643 1814 2714 defi
1831 2661 1854 2698 e.
1873 2647 1899 2696 3.
1919 2665 1946 2698 ιι.
1967 2647 2011 2698 32.

291 2727 419 2794 qilahn.
436 2725 480 2794 qui
500 2725 536 2776 ita
554 2730 753 2796 pronunciatum
774 2727 905 2779 meminit.
924 2726 994 2796 Quid
1017 2744 1039 2778 r.
1057 2727 1085 2778 in
1099 2727 1144 2776 illo
1195 2730 1245 2782 Dn.
1266 2732 1353 2784 strue.
1366 2745 1454 2783 emere.
1476 2731 1520 2781 11.
1539 2721 1562 2778 3.
1572 2730 1617 2780 73.
1632 2729 1720 2782 Perea.
1734 2729 1759 2780 rl.
1772 2737 1791 2779 t.
1806 2747 1834 2779 ιι.
1845 2729 1887 2783 23.
1900 2727 2012 2783 Baehos.

326 2824 386 2862 casu
404 2810 572 2872 observetur,
590 2809 612 2860 si
631 2808 801 2876 emphyteuta
820 2810 931 2860 denatus
957 2809 1043 2878 plures
1067 2809 1146 2860 relin·
1194 2811 1335 2865 adtrentl.
1347 2813 1399 2866 sel.
1416 2816 1438 2866 1.
1455 2814 1522 2884 disp.
1542 2805 1677 2866 23312
1693 2811 1773 2866 tien
1792 2814 1868 2884 Quod
1887 2815 1911 2866 si
1929 2815 2012 2869 domi·
2031 2809 2052 2862 ’1

326 2903 387 2962 quat
404 2892 543 2958 haeredes,
563 2890 595 2943 ad
613 2909 678 2962 quos
702 2894 882 2963 emphyteusis
908 2895 1017 2958 transit,
1041 2909 1075 2944 an
1095 2910 1146 2943 uno
1194 2911 1242 2946 nus
1262 2905 1320 2966 post
1334 2888 1465 2949 incursum
1483 2898 1655 2952 eaducitatem
1674 2915 1797 2950 canonem
1816 2897 2016 2969 abemphyten·

325 2979 469 3033 haeredum
492 2989 607 3032 cessante
633 2979 662 3029 in
688 2979 814 3031 solutione
836 2978 943 3032 canonis
967 2979 1145 3048 emphyteusis
1196 2980 1392 3048 ta,reeeperit,
1412 2981 1547 3035 remisisse
1565 2983 1669 3036 ridetur
1687 2982 1872 3050 emphyteutae
1889 2981 2016 3049 privatio·

326 3065 359 3119 ab
376 3067 503 3119 omnibns
521 3064 664 3126 auferatur,
683 3083 714 3116 an
733 3083 794 3121 reso
812 3067 913 3120 solvens
933 3067 1095 3136 pensionem,
1105 3067 1146 3133 jus
1195 3081 1257 3117 nem
1277 3066 1344 3132 juris
1363 3064 1415 3128 aui,
1435 3081 1508 3119 seeus
1526 3083 1551 3118 r.
1569 3066 1712 3119 dicendum
1732 3077 1779 3126 est,
1799 3065 1822 3115 si
1836 3063 2016 3117 dominusex-

328 3167 402 3203 snum
422 3151 544 3212 retineat,
562 3146 785 3203 controvertitur?
804 3151 837 3202 Et
854 3167 945 3204 omnes
958 3151 1081 3220 haeredes
1093 3153 1145 3221 pri·
1196 3164 1288 3217 presse
1301 3157 1458 3219 protestatus
1477 3147 1572 3213 luerit,
1596 3148 1666 3218 qood
1693 3147 1868 3200 nibilominus
1886 3148 1950 3198 salit
1975 3149 2019 3215 jus

328 3235 383 3289 tari
402 3233 581 3304 emphyteusi,
600 3233 662 3285 lieet
680 3249 746 3285 unus
771 3250 896 3286 canonem
925 3251 997 3285 snum
1019 3236 1145 3300 soluerit,
1196 3248 1271 3283 suunt
1294 3233 1393 3286 salsum
1413 3241 1439 3284 et
1458 3231 1590 3300 integrum
1609 3231 1662 3283 sibi
1682 3243 1836 3294 remanere,
1854 3237 1881 3282 et
1899 3228 1967 3298 quod
1984 3245 2018 3284 ex

325 3311 431 3372 ridetur
448 3317 588 3370 dicendum
608 3333 663 3384 ary.
683 3317 700 3368 1.
719 3316 761 3369 st.
780 3319 801 3374 i.
821 3318 862 3370 17.
880 3316 991 3386 ffisom.
1012 3319 1106 3372 iternis.
1124 3320 1145 3371 1.
1196 3318 1347 3386 receptione
1365 3317 1474 3371 canonis
1493 3333 1545 3368 non
1564 3316 1652 3385 colligi
1679 3314 1789 3378 debeat,
1807 3330 1836 3365 ac
1855 3313 1878 3364 si
1898 3315 1951 3382 juri
1970 3333 2018 3370 suo

327 3403 353 3455 11.
370 3400 394 3473 5.
411 3402 437 3454 si
446 3412 548 3458 sertem
552 3399 596 3470 ff
609 3401 641 3453 de
653 3402 722 3456 verb.
744 3403 825 3474 odiiy.
851 3420 916 3472 quae
932 3404 986 3456 aits
1005 3403 1030 3454 si
1048 3412 1145 3457 sortem
1197 3403 1321 3465 totaliter,
1339 3401 1420 3454 nullia
1439 3399 1722 3454 remediis.reserratis
1742 3399 1936 3463 renunciasset,
1956 3416 2018 3453 nam

324 3487 493 3556 promiseris;
511 3496 539 3539 et
557 3489 579 3538 si
599 3503 627 3538 ea
647 3486 728 3538 soluta
748 3504 800 3538 non
816 3498 892 3554 esset,
907 3505 1027 3556 poenam,
1040 3488 1146 3543 etiamsi
1198 3498 1262 3542 tune
1280 3501 1396 3542 remanet
1414 3489 1465 3557 ipsi
1484 3487 1552 3540 aetio
1579 3485 1725 3552 personalis
1751 3500 1786 3536 ex
1810 3487 1944 3536 contractu
1962 3501 2018 3536 em·

328 3588 396 3625 nnus
411 3589 445 3624 ex
465 3570 621 3626 haeredibus
639 3571 691 3624 tuis
710 3573 857 3641 portionem
876 3589 908 3624 ex
928 3585 997 3627 sorte
1023 3575 1145 3639 solverit,
1197 3571 1368 3641 phyteutioo,
1388 3571 1420 3624 ad
1439 3569 1649 3641 persequendum
1669 3584 1813 3631 mitonem,
1837 3568 1878 3620 rel
1896 3567 2017 3620 intendet

327 3654 505 3710 nihilominus
523 3655 677 3721 committet,
696 3655 779 3708 donee
797 3656 916 3709 haeredis
931 3659 1148 3726 portiosolratur.
1197 3661 1325 3709 actionem
1346 3659 1457 3720 realem,
1476 3673 1498 3708 s.
1523 3657 1561 3708 rei
1580 3655 1784 3711 vindicationem
1811 3652 2016 3724 emphyteutica·

330 3740 455 3796 Attamen
473 3743 600 3796 seriorem
620 3749 647 3791 et
665 3740 844 3807 benigniorem
858 3739 1024 3793 arbitrantur
1034 3741 1078 3794 dd.
1091 3760 1147 3795 sen·
1199 3743 1265 3794 riam
1284 3751 1311 3796 et
1331 3739 1368 3794 ita
1386 3742 1494 3794 elective
1513 3741 1556 3809 agi
1575 3748 1722 3810 potestsec.
1736 3736 1871 3790 natum
1884 3737 2014 3793 Wesenb.

330 3826 442 3878 tentiam
461 3825 643 3885 statuentium,
663 3824 805 3876 solventem
825 3839 948 3874 canonem
965 3825 1020 3889 jure
1034 3841 1080 3876 suo
1095 3826 1147 3876 nd·
1198 3825 1223 3878 d.
1245 3836 1264 3877 t.
1282 3835 1310 3876 et
1328 3823 1431 3877 utiliter
1447 3824 1527 3877 etiam
1545 3821 1652 3876 concedi
1672 3834 1780 3891 putatur
1796 3820 1940 3876 vindicatio
1957 3837 2013 3873 em·

330 3911 406 3964 niune
423 3909 522 3980 peirari
541 3925 573 3961 ex
592 3919 684 3976 aperta
700 3909 717 3958 1.
720 3905 852 3974 fraudati
863 3908 889 3960 8.
903 3915 924 3970 ς.
935 3909 984 3960 sed
995 3909 1020 3959 ai
1031 3907 1150 3976 nnuaff.
1199 3911 1345 3982 phyteutae.
1362 3907 1535 3976 Praescriptia
1552 3905 1640 3959 serbis
1659 3905 1787 3958 actionem
1807 3901 1875 3955 haud
1903 3900 1962 3954 dari
1987 3901 2015 3955 iu
2034 3893 2055 3948 8

330 3993 510 4056 depublicatur·
522 4003 547 4044 et
563 3992 659 4060 sectig.
677 4009 755 4060 quam
776 3992 812 4044 ita
831 3993 1059 4059 interpretantur,
1078 4003 1109 4047 ut
1127 3995 1149 4046 si
1200 3995 1317 4062 apricum
1332 4003 1383 4055 est,
1396 3991 1457 4043 licet
1470 4007 1531 4042 eam
1545 3987 1652 4058 qnidam
1667 3986 1825 4042 desiderent.
1838 4002 1896 4055 arg.
1910 3985 1928 4040 l.
1947 3985 1974 4038 2.
1991 3985 2018 4036 3.

331 4097 398 4134 nnus
408 4097 441 4133 ex
455 4078 574 4150 pluribus
593 4075 748 4130 haeredibus
761 4077 799 4131 rei
812 4079 958 4131 eommunis
976 4079 1082 4146 uectigal
1100 4097 1151 4134 non
1189 4078 1231 4148 ff
1241 4078 1273 4130 de
1286 4074 1596 4146 praescribendum
1611 4080 1759 4124 contractus
1773 4071 1921 4122 nominatus
1940 4067 2020 4121 etiam

331 4164 449 4230 solverit,
468 4172 521 4215 tota
539 4178 580 4215 res
599 4179 650 4213 nou
670 4161 772 4214 ineidat
790 4163 817 4213 in
836 4161 1016 4226 eorumissuns,
1034 4161 1079 4215 sed
1092 4181 1152 4233 par·
1201 4161 1322 4229 efflagitet
1332 4159 1490 4213 nominatam
1509 4157 1637 4209 actionem
1657 4171 1716 4223 arg.
1734 4156 1752 4207 l.
1771 4153 2021 4222 'l.§.1.ffidepe·
2054 4149 2059 4162 ⁸

281 4303 286 4312 ,
330 4249 370 4303 11ο
396 4258 496 4302 tentum
524 4263 576 4300 non
595 4246 740 4310 solrentis,
759 4245 842 4314 adque
866 4245 936 4312 leges
953 4242 1090 4298 obstantes
1114 4263 1152 4302 re-
1199 4256 1232 4298 ct.
1256 4243 1322 4297 Gom
1348 4243 1434 4312 itaque
1460 4249 1583 4310 suppetat
1599 4238 1763 4294 ordinarium
1789 4238 1952 4302 remedium,
1979 4254 2023 4290 ra·

330 4331 477 4403 spondent,
502 4329 572 4400 quod
598 4328 721 4382 haeredes
748 4327 866 4382 delunuti
892 4329 1077 4400 emphyteutae
1099 4347 1151 4384 non
1202 4327 1319 4400 spulmos
1337 4325 1588 4389 extraordinarium,
1602 4339 1641 4376 se.
1656 4321 1925 4393 praescriptisserbis
1936 4321 2021 4374 aetio·

332 4415 390 4470 sint
405 4414 525 4470 obstricti
550 4413 584 4467 ad
611 4411 762 4468 aolreutlum
779 4429 923 4477 canonem,
944 4424 1076 4482 tamquam
1096 4412 1154 4466 hae·
1201 4428 1271 4472 nem,
1289 4410 1352 4464 tteet
1369 4410 1426 4462 lona
1442 4407 1632 4463 vindicationis
1650 4406 1730 4458 etiam
1750 4403 1934 4473 suppeditetur
1960 4419 2021 4456 cox-

330 4499 406 4554 redes
424 4501 453 4552 ln
472 4499 636 4552 successione
650 4514 682 4550 ex
697 4513 804 4566 persona
818 4496 946 4562 defuncti,
960 4499 1008 4550 sed
1022 4507 1152 4566 tamqnam
1202 4495 1285 4548 dietio
1303 4510 1336 4546 ex
1353 4495 1425 4562 lege,
1443 4493 1505 4562 quia
1526 4509 1589 4546 nora
1608 4491 1664 4558 lege
1683 4497 1724 4540 est
1740 4486 1842 4556 aliquid
1861 4487 2021 4550 inductum,

333 4599 415 4637 norae
432 4583 616 4653 emphyteutae
633 4597 667 4634 ex
685 4597 796 4650 persona
816 4583 931 4650 propria,
949 4582 1009 4648 quia
1030 4580 1153 4631 dominus
1203 4597 1251 4632 nee
1274 4592 1436 4648 expressum,
1453 4594 1502 4645 qna
1522 4574 1625 4626 actione
1643 4573 1680 4624 ait
1696 4570 1825 4640 agendum
1844 4585 1902 4639 urg·
1927 4569 1944 4622 1.
1971 4587 2019 4622 urs.

334 4666 478 4722 concedens
497 4666 576 4718 alicui
594 4662 781 4733 emphyteusin
800 4675 825 4716 et
841 4663 1037 4716 suecessoribus
1050 4681 1071 4714 a.
1088 4659 1154 4714 liliis
1198 4662 1236 4732 ff.
1249 4664 1281 4718 de
1293 4661 1409 4717 οοιιᾰίιε.
1428 4679 1465 4714 eae
1488 4661 1539 4728 lep.
1551 4657 1717 4726 sordentem.
1737 4657 1773 4709 et.
1791 4657 1816 4709 3.
1835 4665 1887 4709 act.
1912 4655 2023 4725 benefic.

333 4751 408 4814 suis,
427 4735 498 4820 ipsos
515 4745 587 4801 lilios
605 4751 684 4800 etiam
704 4745 886 4814 emphyteutas
910 4743 1075 4797 constituisse
1092 4762 1153 4797 cen·
1200 4746 1314 4818 Magnis.
1328 4747 1373 4800 dn.
1387 4745 1569 4799 Brunneman.
1582 4745 1619 4798 nd
1631 4747 1709 4799 Wes.
1722 4740 1747 4792 d.
1759 4751 1778 4794 t.
1791 4762 1816 4807 p.
1833 4741 1876 4794 23.
1890 4741 1942 4795 Dn.
1953 4739 2024 4794 bud-

334 4841 424 4899 tetur,
442 4844 468 4887 et
486 4833 603 4905 pluribus
622 4833 658 4883 itu
677 4828 918 4899 emphyteutieatis,
944 4827 1030 4898 plures
1046 4829 1154 4900 emphy-
1202 4833 1262 4886 wel.
1280 4829 1350 4899 disp.
1363 4831 1408 4882 13.
1421 4831 1459 4882 td.
1477 4827 1503 4880 8.
1524 4829 1562 4882 lit.
1580 4847 1606 4882 ιι.
1624 4837 1651 4881 et
1672 4828 1696 4880 d.
1716 4825 1761 4878 dn.
1780 4827 1869 4880 Strur.
1887 4826 1913 4878 d.
1930 4842 2021 4880 exere.

334 4929 420 4973 tautae
438 4929 600 4988 reputantur,
620 4916 683 4967 hine
701 4929 873 4984 unaparsona
892 4912 920 4964 in
940 4913 1069 4967 solutione
1079 4931 1155 4968 cauo
1201 4912 1238 4964 tir.
1259 4914 1304 4966 71.
1322 4913 1362 4966 Ne
1380 4929 1404 4965 r.
1428 4911 1511 4964 nimis
1529 4919 1602 4964 extra
1627 4912 1696 4964 oleas
1721 4907 1836 4978 divagari
1863 4907 2025 4978 increpites,

332 5003 377 5056 nia
394 5022 447 5058 uon
467 4999 656 5072 praeiudicabit
673 4999 763 5050 alteri.
779 4997 855 5054 Nota
879 5015 905 5052 n.
932 5008 1009 5069 capnt
1035 4999 1154 5069 sequitur
1203 4995 1305 5062 accedo,
1324 4995 1394 5049 unda
1410 4993 1544 5062 digressus
1562 5012 1634 5057 snm,
1653 5003 1679 5048 et
1697 4991 1807 5061 adjicio,
1826 5007 1902 5062 posse
1923 4991 2025 5060 pacisci

335 5087 355 5145 l·
374 5091 400 5139 1·
418 5084 531 5157 hfiff·
550 5085 583 5141 de
598 5083 695 5153 privat.
712 5081 800 5136 delict.
818 5079 874 5151 df
883 5080 924 5152 ff
942 5081 976 5136 de
988 5073 1054 5136 rada·
1066 5093 1118 5136 nes.
1137 5085 1155 5136 1.
1204 5088 1308 5149 partes,
1326 5089 1356 5130 nt
1375 5079 1545 5148 emphyteuta
1563 5077 1677 5131 retineat
1696 5075 1887 5145 possessionem
1907 5075 2023 5145 emphy-

335 5175 380 5228 22.
401 5191 423 5226 c.
441 5173 474 5228 de
490 5187 573 5243 poen.
591 5169 637 5222 laic
655 5167 724 5220 nihil
741 5167 870 5236 deliquit,
888 5169 950 5220 dum
969 5176 1084 5236 praestat
1109 5167 1153 5234 id,
1203 5173 1313 5226 teuteus,
1332 5163 1395 5216 licat
1413 5179 1485 5216 mosa
1504 5162 1538 5215 sit
1554 5159 1694 5212 commissa
1713 5156 1740 5210 in
1753 5155 1911 5211 exsoluendo
1923 5173 2024 5212 canona

333 5260 405 5331 quad
422 5261 479 5328 jure
497 5265 631 5325 praestare
650 5261 772 5318 tenetur,
798 5270 861 5323 ergo
880 5269 927 5307 nec
945 5269 1054 5323 poenam
1079 5252 1155 5318 luet,
1205 5248 1366 5319 arg-haten.
1378 5265 1400 5302 c.
1412 5245 1521 5316 depost
1534 5245 1552 5298 1.
1566 5241 1655 5316 13]
1667 5243 1878 5298 destinandam
1899 5243 1922 5296 si
1941 5241 1975 5296 de
1993 5258 2023 5296 ra

332 5343 404 5414 quod
423 5342 488 5396 alias
506 5337 634 5408 aequitati
652 5334 836 5404 refragaretur.
850 5335 1003 5408 caeteroqui
1018 5339 1156 5406 responsio
1203 5333 1327 5404 quaedam
1346 5341 1524 5388 conuenerunt
1541 5330 1613 5383 inter
1639 5345 1668 5382 aa
1693 5339 1789 5398 partes,
1809 5327 1857 5380 boc
1876 5327 1931 5394 ita,
1950 5341 1981 5381 au
1997 5327 2024 5380 al

338 5424 378 5479 ad
393 5427 420 5478 d.
438 5424 458 5476 l·
478 5421 503 5474 t.
521 5421 599 5475 etiam
619 5420 745 5476 latitatis
766 5438 806 5486 eo,
822 5423 882 5490 quia
902 5419 940 5472 ihi
959 5420 1101 5491 promissio
1119 5419 1156 5472 ia·
1204 5418 1330 5472 naturalis
1347 5427 1413 5471 esset
1429 5425 1589 5475 eontraetus,
1605 5411 1757 5466 merendum
1783 5425 1841 5462 esse
1864 5411 1928 5462 vult.
1946 5417 1966 5473 ς.
1994 5410 2021 5461 3.

340 5520 381 5563 eta
399 5517 440 5562 est
458 5507 507 5561 sub
525 5505 704 5576 praestatione
721 5523 828 5574 poenae.
856 5509 944 5577 Myos.
969 5514 1038 5559 cent·
1057 5508 1082 5558 3.
1100 5506 1156 5559 oda.
1199 5502 1311 5572 i-loml.
1325 5501 1343 5554 1.
1357 5501 1383 5556 2.
1394 5517 1417 5554 e·
1430 5497 1651 5572 dejunamphyt.
1667 5506 1738 5565 pacta
1759 5511 1784 5545 n.
1807 5491 1938 5560 adjiciunt
1955 5509 2022 5546 eon·

343 5592 386 5644 33.
406 5590 513 5646 Facltin.
535 5593 560 5642 1·
578 5599 652 5644 cont.
670 5590 713 5642 311.
732 5587 784 5643 Do.
803 5589 919 5646 tutan.
937 5591 968 5645 in
979 5591 1044 5660 disp.
1065 5590 1155 5643 1311.
1206 5589 1331 5644 tractibus
1348 5585 1530 5641 necessilatem
1555 5582 1576 5635 1.
1595 5585 1621 5634 1.
1638 5587 1660 5644 ς.
1678 5582 1704 5633 3.
1713 5578 1755 5648 ff.
1778 5579 1867 5649 depos.
1886 5577 1905 5630 1.
1924 5577 1969 5628 23.
1980 5575 2022 5647 ff.

304 5675 468 5740 531111.
486 5671 582 5729 Eritat.
599 5685 682 5729 antem
701 5674 874 5746 prirationem
895 5675 960 5744 juria
977 5678 1017 5728 sui
1043 5675 1155 5744 emphy·
1205 5673 1238 5728 de
1249 5691 1305 5743 reg.
1315 5671 1372 5740 y'ur.
1391 5680 1417 5724 et
1435 5685 1511 5740 grase
1529 5678 1569 5722 est
1588 5663 1669 5720 fidem
1687 5665 1777 5718 detam
1797 5661 1932 5716 retrahere
1950 5660 1969 5712 1.
1994 5663 2024 5716 1.

341 5770 430 5826 tenta,
450 5758 474 5814 si
492 5760 560 5812 intra
576 5757 730 5827 legitimum
743 5768 847 5828 tempus
873 5761 1026 5830 pensionem
1044 5759 1155 5825 obtulit,
1194 5755 1235 5828 ff.
1252 5757 1285 5813 de
1301 5753 1409 5810 comtis-
1426 5770 1523 5820 perun.
1540 5761 1567 5804 et
1586 5751 1736 5820 plerumque
1748 5748 1853 5801 euenire
1865 5745 1994 5814 salunt.

342 5857 377 5918 et,
395 5845 504 5906 domina
520 5861 577 5902 eam
593 5853 738 5916 recusante,
757 5845 937 5918 consignatam
955 5859 1011 5900 eam
1025 5841 1156 5916 deposuit,
1276 5835 1528 5916 Fsmqentilidem,
1540 5834 1606 5894 lidea
1618 5835 1753 5908 iungatur
1766 5833 1867 5889 eidem.
