4456 6208
384 257 438 310 2⁰7
939 254 1318 316 ntsrttrtrto
1354 263 1407 318 Vl.

1904 263 1959 320 m

323 362 481 409 ramentum.
502 351 548 407 Sic
566 348 696 422 Angustus
714 367 802 405 caesar
827 347 952 420 quostiam
972 352 1144 409 barbarorum
1194 365 1254 410 orta
1273 375 1334 411 mox
1351 360 1384 413 ιι
1401 356 1501 414 linibus
1518 357 1712 424 contravenit,
1738 359 1807 430 qaol
1828 361 1857 416 in
1875 361 2022 418 slivisionia

323 437 468 507 principes,
489 435 517 489 in
535 435 601 490 anile
617 434 714 490 Martis
732 435 829 488 ultoris
847 435 934 501 iurare
949 436 1051 504 coegit,
1073 453 1145 490 suan·
1195 450 1271 511 pacto
1286 438 1355 494 lines
1373 444 1526 498 nominibus
1544 453 1633 497 essent
1650 440 1836 508 demonstran,
1859 465 1925 514 qnae
1941 449 2017 502 attint

323 535 446 573 success
465 519 495 572 in
514 515 1144 590 litampiusquampeneresiustnctug.
1194 525 1279 584 olim,
1298 525 1370 578 aliosi
1389 537 1478 596 postea
1495 525 1702 596 significabant:
1729 540 1814 582 vetera
1831 529 1922 594 Galli,
1941 551 2019 603 praa·

322 617 346 654 c.
365 601 410 655 91.
427 603 613 658 iuramentum
632 601 703 672 repis
721 601 941 656 christianissimi
968 604 1078 656 tierrici
1097 605 1143 660 lv·
1196 609 1279 664 sentia
1303 610 1416 680 Hispani
1444 611 1572 680 urgebant
1593 612 1749 666 Gniooiarsl.
1775 613 1800 664 ts.
1825 613 1842 667 i.
1862 615 1887 668 b.
1907 617 2020 688 Saepius

324 682 359 736 sle
376 701 441 754 pace
457 683 611 741 recriniana
628 685 781 755 praestitum
799 685 856 740 vid.
881 705 928 756 ap.
945 687 1094 742 Pretorium
1113 688 1143 743 in
1194 711 1296 763 quoqne
1313 692 1406 746 relatio
1423 691 1451 748 lit
1463 693 1496 748 ad
1508 707 1613 763 paetum
1631 697 1798 758 anteradensi
1810 707 1836 752 ιι
1849 699 1876 752 in
1890 717 1953 770 para
1964 719 2019 756 een

243 833 253 841 -
323 765 415 837 differ.
431 769 488 841 poi·
504 787 532 841 p.
545 787 581 824 nr.
595 769 661 822 179.
675 771 795 824 solemni
809 770 1145 838 nihilominusjuramento
1196 778 1299 831 viuiaoa
1317 779 1350 830 ιιι
1369 774 1579 848 pacificationem
1603 795 1824 834 cameracensem:
1844 783 1872 834 in
1898 783 2019 853 pacifica·

270 931 274 938 υ
323 857 433 917 relicto,
455 855 589 908 interilum
610 855 741 924 imperiali
768 867 795 908 et
818 855 888 925 regia
917 856 1065 910 inviolabili
1091 855 1145 912 fita
1196 861 1429 916 tionavrestialics
1448 863 1479 914 ιιι
1507 872 1651 916 ιιιιιιιιιι
1678 865 1885 933 posnaniensem.
1907 869 2020 938 Quoties

324 956 458 1008 conventa,
479 955 545 1008 rata,
562 955 635 1014 grata
654 942 710 998 lora
727 953 752 995 et
765 953 895 998 serratum
911 943 956 1006 iri,
972 943 1146 1013 promittitur.
1194 965 1257 1002 sero
1276 948 1337 1002 haas
1354 949 1447 1004 relatio
1465 946 1506 1015 fit,
1528 949 1607 1004 toties
1627 949 1758 1018 repetitae
1780 961 1921 1006 censentur
1937 959 2021 1025 qusti-

326 1027 499 1098 Principibos
516 1029 616 1080 etenim
636 1026 702 1079 siris
722 1029 818 1081 merito
838 1045 925 1083 sermo
937 1046 985 1099 pro
997 1030 1063 1098 lege,
1075 1025 1146 1082 biles
1198 1039 1261 1084 tates
1279 1041 1305 1085 et
1322 1031 1489 1086 conditiones
1509 1034 1594 1103 priori
1613 1043 1687 1103 pacto
1711 1049 1860 1103 expressae.
1883 1037 1914 1089 ln
1939 1041 2024 1095 dubio

325 1132 374 1184 pro
391 1114 504 1166 oraculo.
521 1109 640 1165 Joranilo
658 1111 769 1180 gratiam
787 1111 890 1181 scythas
911 1111 1016 1164 sancire
1035 1128 1068 1165 na
1087 1126 1144 1164 cre·
1195 1124 1283 1169 autem
1297 1126 1484 1178 sensu,contrs
1499 1134 1560 1170 eum
1577 1116 1744 1171 ιιιιιιιιιιιιι
1763 1119 1808 1171 bie
1825 1119 1895 1174 essin
1908 1122 1926 1176 i.
1943 1137 2020 1180 uece-

324 1197 435 1263 slidcris,
453 1194 563 1250 oolesulo
581 1191 666 1248 fidem
687 1196 791 1262 jurant,
811 1197 975 1250 Graecorum
995 1195 1044 1249 ista
1061 1197 1149 1249 cautio
1195 1188 1272 1252 ribus
1285 1195 1374 1264 ³⁹·ff·
1387 1200 1499 1266 «lepore.
1515 1201 1721 1269 interpretatio,
1733 1202 1778 1268 qni
1792 1201 2017 1261 conilisioneeeta-

326 1293 382 1346 est,
399 1281 445 1352 qui
463 1288 520 1333 acts
539 1278 706 1349 consignant,
731 1287 758 1330 st
785 1277 854 1331 Deos
872 1277 1003 1344 invocant,
1022 1293 1070 1330 nos
1089 1279 1148 1330 reli·
1196 1291 1270 1336 cutus
1282 1293 1330 1334 ests
1344 1280 1371 1332 iil
1384 1282 1453 1350 quusi
1466 1283 1574 1337 vintoris
1587 1300 1645 1336 esse
1657 1285 1734 1338 solat.
1747 1285 1825 1338 Grot.
1837 1285 1864 1338 d.
1876 1289 1896 1339 1.

324 1366 428 1435 pionem
448 1365 476 1418 iu
495 1364 553 1434 ipsa
575 1361 628 1415 file
646 1363 775 1416 norimus·
791 1361 844 1430 Qui
863 1379 914 1416 non
930 1369 1085 1416 reverentur
1098 1360 1146 1416 bo·
1232 1372 1255 1429 ς.
1274 1367 1319 1418 98.
1338 1364 1390 1419 siu
1408 1367 1513 1423 rideant
1534 1368 1670 1422 eludentes
1687 1379 1802 1437 pactast
1819 1379 2021 1430 conterventur.

323 1449 420 1511 mines,
439 1447 537 1499 iallunt
555 1445 633 1498 Deos.
654 1443 726 1499 Dicit
745 1445 900 1514 Scytharum
919 1447 953 1498 sil
969 1447 1148 1500 tstmuutruu
1199 1456 1244 1511 tas,
1256 1448 1388 1516 quomoslo
1400 1451 1590 1504 conscientiam
1602 1452 1718 1520 perjurio
1726 1462 1847 1522 purgent.
1858 1455 1937 1510 Nefas
1951 1477 2022 1514 sem·

326 1535 365 1586 Μ.
376 1533 480 1586 Οιιιιι.
494 1531 567 1584 Curi.
584 1532 602 1586 l.
616 1531 641 1581 ’1.
655 1546 677 1580 c.
690 1529 718 1580 8.
743 1589 753 1604 ι

359 1615 603 1680 §.ambulantur
622 1612 757 1668 intantum
776 1626 802 1668 et
828 1615 993 1686 pactionibus
1024 1612 1149 1667 ulteriora

326 1702 485 1766 retinacula,
504 1699 609 1756 obsisles
627 1719 737 1770 nempe:
756 1720 845 1771 regum
866 1699 935 1767 lilii,
961 1715 1080 1772 proceres
1099 1695 1151 1758 rel·

327 1787 399 1858 publ.
420 1787 457 1844 vel
477 1785 595 1842 illustres
613 1786 752 1842 foeminae.
777 1798 805 1840 nt
831 1786 930 1840 Cloelia
956 1801 1071 1844 messana.
1100 1791 1149 1844 De·

326 1872 407 1941 nique
425 1872 453 1924 tu
470 1868 538 1941 quoii
557 1871 742 1925 charissimum
759 1872 836 1924 nohis
854 1873 934 1926 soluit
959 1887 1016 1927 esse
1042 1861 1148 1929 natura.

326 1954 372 2009 Sic
388 1955 544 2011 Franciscns
565 1957 584 2008 l.
602 1973 660 2008 cum
679 1956 794 2009 libertati
813 1957 979 2022 uelleretur,
997 1956 1092 2012 Curnlo
1114 1961 1146 2012 V.

327 2039 430 2092 Caeseti
449 2039 557 2094 obsides
575 2037 648 2093 desiit
665 2034 746 2091 lilios.
765 2038 928 2108 Delphinum
947 2050 973 2092 et
991 2037 1082 2092 lucem
1104 2057 1147 2094 au·

326 2124 510 2178 reliancnsem.
528 2122 611 2178 stetu.
631 2124 649 2175 l.
668 2122 694 2174 0.
713 2121 866 2175 Guiccisril.
892 2123 920 2174 Ιι.
946 2123 963 2173 l.
985 2123 1028 2174 16.
1048 2120 1148 2192 infin.

328 2210 443 2280 impium
465 2227 578 2278 namque
597 2208 722 2278 lysenilei
744 2207 841 2262 ιιιιιιιιι
869 2207 936 2275 proh
964 2205 1038 2258 siolor
1065 2208 1147 2275 vigete

328 2311 422 2364 pueros
438 2295 581 2362 ostrogalis,
601 2295 739 2363 principes
758 2295 827 2347 viros
846 2289 973 2361 perjuriis
991 2289 1089 2343 ludera.
1109 2289 1148 2342 tu

326 2394 404 2446 quam
414 2396 467 2432 non
479 2378 609 2432 nullorum
622 2373 761 2446 perfidiam
772 2374 953 2436 coercentium,
964 2372 1078 2427 aslhibiti
1088 2382 1150 2427 suut

326 2469 444 2531 obsides,
462 2465 550 2518 obices
568 2471 763 2516 conventorum.
784 2461 872 2528 Quare
891 2457 914 2510 si
933 2457 1025 2512 slantes
1039 2475 1090 2510 noo
1105 2457 1149 2512 sti·

327 2554 410 2605 serint
429 2550 457 2600 in
476 2544 530 2599 tata
547 2545 616 2608 data,
633 2544 733 2599 occisos
752 2545 864 2614 legimus
875 2543 986 2614 saepius.
1001 2541 1077 2613 Quosl
1088 2561 1148 2594 cum

328 2637 450 2691 acerbum
469 2630 635 2702 aliquomodo
653 2628 792 2692 videatur,
816 2644 901 2681 moces
920 2627 1006 2682 nostri
1030 2625 1150 2696 repudia·

328 2731 400 2774 rnnt.
417 2717 527 2771 Etcum
545 2715 636 2768 osliusa
654 2713 690 2766 sit
706 2712 830 2768 obsislum
848 2713 984 2782 obligatio,
997 2712 1086 2767 stricta
1106 2714 1147 2765 in·

329 2802 484 2875 terpretstio
505 2800 622 2853 laciensis
641 2797 695 2862 bic,
714 2796 821 2866 «latique
841 2799 867 2850 in
887 2815 966 2850 ussum
985 2813 1098 2861 causam,
1118 2797 1147 2849 in

326 2893 406 2946 aliam
424 2885 535 2941 retineri
555 2901 607 2936 non
626 2891 760 2952 poterunt.
777 2881 856 2932 Grot.
875 2878 908 2932 sie
919 2881 977 2951 jur.
998 2880 1022 2932 b.
1045 2890 1071 2932 et
1086 2898 1115 2949 p.
1128 2879 1151 2930 l.

329 2977 353 3027 3.
372 2993 395 3028 ι.
414 2973 457 3026 20.
474 2968 499 3043 ᾗ.
517 2969 562 3022 tt.
580 2971 766 3022 Jureromano
786 2981 834 3032 pro
852 2963 963 3032 captiuis
982 2962 1096 3027 habitos,
1112 2972 1148 3015 te·

328 3059 468 3130 staniliqua
486 3053 633 3108 facultatem
653 3050 687 3102 iis
706 3065 758 3100 non
777 3044 955 3116 competiisse,
976 3045 1050 3098 testis
1069 3053 1110 3098 est
1129 3047 1148 3098 i.

328 3147 373 3198 31,
382 3141 425 3211 ffi
437 3141 533 3214 dejure
542 3135 620 3206 fisci.
640 3135 668 3186 ht
686 3131 757 3200 qttosl
776 3127 908 3182 hoslierua
926 3130 1089 3183 consuetudo
1107 3131 1149 3184 iti·

327 3229 389 3281 stem
408 3243 460 3279 non
479 3223 610 3284 obsecrat,
629 3213 854 3286 cnmsplendidaa
867 3211 1003 3284 riquinus
1016 3214 1148 3269 ethones-

330 3311 427 3368 tissimi
442 3307 491 3364 viri
507 3321 554 3377 pro
563 3300 703 3360 obsidibus
717 3299 783 3352 sint.

364 3405 385 3460 ς.
403 3397 447 3449 90.
465 3396 564 3449 Verum
584 3382 783 3456 circumspectis
807 3390 834 3434 et
858 3379 1014 3452 conquisitis
1039 3381 1098 3438 licet
1119 3402 1147 3437 n·

329 3481 436 3536 sonibus
453 3475 517 3531 isilei
537 3470 721 3534 munimentis,
741 3483 874 3538 nunquam
894 3475 981 3520 tamen
995 3466 1149 3522 hominibus

328 3563 439 3620 t'allentli
459 3557 564 3630 cupitis
581 3571 643 3609 ansa
662 3551 766 3616 ricinis,
785 3567 830 3603 ιιι
848 3551 932 3619 puetis
958 3568 1010 3603 non
1037 3561 1150 3607 starent.

329 3645 498 3716 Arripieutes
518 3639 646 3695 nimirum
673 3635 804 3707 praetoris
827 3633 945 3688 edictum
970 3633 1039 3704 quoii
1064 3646 1150 3691 metue

329 3749 421 3788 causa.
441 3727 493 3783 Seii
513 3733 696 3794 praeterquam
715 3717 785 3789 quoii
804 3716 924 3788 publicae
949 3716 1102 3786 principum
1127 3735 1151 3773 ιι

330 3828 491 3870 summarum
510 3813 667 3879 potestatum
679 3819 778 3868 cavisse,
792 3810 939 3871 praetorum
953 3799 1047 3855 eilintis
1059 3820 1150 3873 quam·

328 3901 395 3953 libet
411 3891 588 3965 aequissimis,
608 3906 659 3942 nou
679 3890 842 3956 subjiceant:
864 3882 1050 3938 firmissimum
1072 3899 1148 3957 puto,

330 3997 436 4036 ornnem
457 3985 555 4028 metum
574 3980 601 4024 ιι
619 3970 799 4040 ιιριιιίιιιιιιι
820 3968 847 4022 ιι
866 3967 935 4020 bello
954 3967 1048 4034 justam
1074 3986 1150 4038 esse,

1200 1545 1254 1600 per,
1274 1547 1452 1598 necunquam
1474 1532 1584 1603 impune
1603 1533 1665 1598 luit,
1680 1534 1728 1588 snb
1737 1538 1856 1607 susspicio
1868 1541 2025 1600 indivisione

1198 1623 1225 1668 ιι
1242 1631 1275 1668 ιι.
1297 1616 1450 1680 Τιιιιιιιιι,
1470 1628 1625 1688 sanctaeque
1643 1615 1706 1673 illei
1726 1621 1806 1674 etiam
1823 1625 1896 1692 apud
1914 1641 2021 1694 pentes,

1200 1698 1311 1751 invicem
1331 1699 1460 1769 promissa
1479 1714 1503 1756 et
1521 1705 1647 1770 stipulata
1665 1707 1756 1772 qooris
1780 1708 1867 1759 oolore
1892 1720 1918 1763 ιι
1944 1713 2021 1768 inani

1200 1792 1335 1850 praetentu
1355 1781 1508 1852 iufringere·
1521 1785 1589 1838 Cum
1601 1803 1670 1840 auno
1682 1789 1713 1842 C.
1728 1788 1914 1846 nctxxxvt.
1935 1799 2022 1853 insti·

1199 1865 1293 1918 nianus
1311 1866 1347 1917 ll.
1365 1865 1509 1936 imperator
1527 1869 1701 1924 saracenicam
1716 1874 1830 1941 rupisset
1847 1891 1950 1943 pacem,
1972 1881 2022 1934 Sa·

1199 1949 1288 2002 raceni
1308 1949 1447 2020 implorato
1466 1953 1577 2022 peq'urii
1603 1953 1687 2008 ultore
1714 1955 1786 2019 Deo,
1812 1957 1925 2028 scriptas
1949 1966 2024 2030 pacis

1197 2030 1362 2086 conditiones
1381 2031 1467 2086 hastae
1488 2034 1633 2102 illigarunt,
1652 2039 1817 2109 sublatisque
1828 2040 1856 2093 in
1869 2043 1926 2095 acie
1938 2046 2023 2100 instar

1197 2117 1287 2172 vexilli
1307 2133 1364 2170 num
1380 2119 1509 2173 Romanis
1527 2135 1716 2178 conseruerunt
1734 2127 1930 2182 mannssl‘oeila
1949 2132 2022 2185 slein·

1197 2215 1257 2269 eeps
1269 2202 1379 2256 excitata
1395 2199 1454 2272 iupa
1468 2203 1612 2273 imperator
1631 2207 1688 2274 ipsa
1711 2227 1770 2262 eom
1791 2211 1880 2278 pannis
1904 2227 2023 2270 servatus

1199 2281 1307 2354 auiugit.
1320 2285 1424 2342 Cluvsr.
1439 2289 1500 2356 epit.
1513 2286 1575 2342 tus.
1589 2305 1618 2356 p.
1631 2309 1667 2343 m.
1679 2292 1742 2344 tstt.

1234 2377 1256 2432 ς.
1275 2371 1319 2425 99.
1339 2368 1482 2442 Rumpitur
1501 2373 1586 2444 reipsa
1604 2391 1665 2444 pas,
1686 2377 1763 2430 moin
1783 2377 1895 2447 triplici.
1913 2385 2021 2436 seounsl.

1197 2453 1275 2508 Grot.
1299 2455 1352 2508 loo.
1378 2454 1424 2508 cit.
1440 2462 1464 2518 ς.
1483 2455 1527 2508 2'1.
1553 2467 1599 2510 eut
1620 2456 1740 2514 iaciendo
1764 2473 1854 2517 eontra
1881 2465 1926 2531 id,
1951 2470 2022 2536 quoii

1199 2539 1275 2592 omisi
1295 2539 1352 2610 paci
1372 2539 1457 2591 inest:
1477 2554 1518 2594 aut
1536 2553 1626 2596 contra
1647 2543 1692 2606 id,
1709 2547 1780 2613 qnosl
1800 2547 1828 2600 iss
1848 2551 2022 2620 pacedietusn

1197 2633 1237 2677 est
1250 2635 1345 2692 aperte:
1364 2635 1405 2678 aut
1416 2635 1506 2678 contra
1518 2625 1558 2693 id,
1571 2627 1640 2696 quosl
1654 2645 1686 2680 ex
1706 2629 1776 2700 paois
1787 2635 1910 2704 cujusque
1928 2649 2023 2691 oannes

1202 2708 1277 2762 «lebet
1294 2709 1422 2776 intelligi.

1232 2796 1254 2849 ς.
1275 2793 1336 2844 100.
1357 2792 1574 2862 primoquidem
1595 2796 1689 2858 mosloe
1715 2797 1737 2849 ιι
1762 2797 1860 2870 ahsqoe
1886 2804 2022 2874 probabili

1197 2890 1222 2932 et
1240 2895 1304 2932 noea
1322 2879 1452 2930 causaris
1472 2876 1609 2932 inieratur·
1626 2881 1704 2950 Quosl
1722 2883 1836 2952 oontiqit
1847 2887 1982 2940 interdum
1996 2899 2024 2940 ιι

1199 2985 1212 3018 a
1231 2960 1346 3015 subditis
1364 2958 1489 3014 adversae
1507 2961 1606 3029 partis,
1632 2964 1656 3015 si
1681 2963 1780 3018 factum
1801 2970 1954 3024 eorumdem
1975 2989 2023 3040 pu·

1199 3049 1267 3103 blico
1292 3047 1425 3117 probetur.
1448 3045 1578 3101 Videlicet
1595 3065 1712 3104 summae
1737 3055 1868 3119 potestatis
1892 3055 2022 3122 scientia,

1199 3131 1326 3206 puniendi
1346 3131 1460 3202 potentia
1471 3168 1480 3196 ,
1505 3143 1532 3184 es
1550 3133 1679 3202 neglectu.
1696 3133 1789 3206 Neque
1805 3153 1873 3208 opos
1894 3139 1938 3192 hic
1962 3154 2020 3206 ιιι,

1199 3216 1351 3272 violentiam
1369 3215 1454 3284 quoasl
1479 3227 1559 3270 totam
1579 3216 1714 3271 civitatem
1739 3229 1895 3289 expectare,
1919 3221 2024 3280 sufficit

1198 3299 1270 3353 enim
1284 3297 1446 3351 subditorum
1459 3297 1601 3366 aliquibus,
1610 3299 1647 3354 vel
1662 3298 1774 3354 ιιιιιιιιι
1789 3302 1908 3371 ipsorum
1921 3309 2023 3364 hostita

1199 3383 1335 3452 quippiam
1348 3381 1460 3434 illatum.
1474 3381 1551 3435 Grot.
1566 3380 1592 3434 d.
1602 3382 1620 3432 l.
1630 3389 1651 3445 ι.
1664 3382 1709 3433 27.
1723 3393 1749 3436 ιι
1761 3400 1832 3454 seqq.

1234 3463 1260 3537 ᾗ.
1279 3464 1341 3516 101.
1360 3461 1455 3517 Contra
1475 3463 1503 3515 ul
1519 3464 1589 3535 quoil
1611 3465 1638 3517 iu
1656 3482 1721 3534 pseu
1738 3466 1839 3521 dicturo
1853 3481 1892 3523 est
1905 3473 2020 3536 venitur.

1199 3547 1304 3618 quanslo
1322 3547 1501 3602 committitur
1520 3557 1611 3601 contra
1635 3565 1771 3620 expressas
1801 3553 1950 3622 pactiones:
1979 3560 2020 3611 vel

1199 3631 1305 3704 qnando
1322 3631 1485 3703 pretioribus
1504 3630 1712 3700 comprehense,
1730 3645 1757 3688 ut
1781 3630 1865 3704 liant,
1889 3640 2018 3694 omittun-

1203 3729 1253 3772 tur.
1273 3721 1327 3774 lies
1344 3726 1434 3771 autern
1453 3717 1619 3788 pictionibus
1639 3717 1798 3786 substratae,
1811 3723 1850 3776 vel
1865 3725 1972 3792 majoris
1984 3729 2024 3780 vel

1201 3801 1313 3854 minoris
1334 3800 1462 3854 momenti
1482 3811 1557 3854 eunti
1576 3809 1603 3853 et
1619 3799 1688 3853 circa
1707 3800 1753 3858 has
1772 3803 1794 3858 si
1814 3804 1901 3874 rigide
1917 3809 2021 3872 iudica·

1202 3885 1288 3953 veris,
1307 3885 1377 3937 nulla
1397 3894 1437 3938 est
1454 3884 1572 3938 variatio.
1595 3883 1714 3953 Aequum
1734 3899 1821 3942 tamen
1840 3907 1891 3942 nou
1909 3891 2027 3954 est,'nb

1202 3969 1330 4023 minutias
1348 3967 1462 4020 maximi
1482 3969 1584 4038 nepotis
1604 3967 1752 4024 moliminis
1771 3972 1844 4027 irrita
1863 3973 1952 4027 redili:
1965 3995 2025 4044 qna·

330 4065 447 4133 victique
464 4058 551 4112 ierunt
570 4056 608 4120 id,
626 4055 695 4124 qooil
716 4052 767 4122 ipsi
786 4052 900 4106 victores
919 4049 1054 4104 iecissent.
1076 4051 1151 4106 loso-
1203 4054 1323 4108 mobrem
1342 4051 1378 4106 aii
1398 4052 1551 4107 ulteriorem
1569 4052 1718 4106 cautionem
1739 4054 1818 4120 adjici
1839 4057 1959 4114 soletisi
1980 4061 2025 4112 ail-

330 4165 379 4218 per
396 4144 521 4218 praetoris
545 4139 662 4194 eslieturn
681 4139 809 4206 injustum
828 4147 925 4188 metum
951 4137 1044 4201 rejicit.
1074 4137 1153 4205 Quod
1201 4155 1291 4192 versus
1323 4137 1387 4190 haec
1419 4147 1520 4199 actum,
1546 4151 1599 4205 par
1617 4146 1707 4190 tamen
1724 4139 1809 4207 quoasl
1827 4151 1923 4195 caetere
1949 4143 2026 4196 utilis

330 4233 352 4284 si
373 4228 455 4291 toties,
473 4227 575 4296 quoties
594 4223 657 4276 sinti
676 4221 823 4277 victoribus
836 4221 904 4289 leges
918 4220 1016 4296 dicunt,
1033 4238 1066 4276 ιι
1081 4234 1152 4278 metu
1200 4222 1329 4294 lirmaqsse
1348 4231 1462 4276 maneat.
1481 4219 1586 4274 inslicat
1604 4222 1653 4275 hoo
1673 4235 1792 4278 recessus
1804 4224 1966 4278 executionis
1980 4245 2028 4297 pro

329 4311 500 4366 rescindenda
519 4318 607 4363 essent
626 4317 709 4376 panta,
730 4301 1152 4376 nunquamcertelirmnetper·
1202 4326 1264 4382 pace
1282 4303 1451 4376 westphalica
1475 4302 1637 4374 Noribcegae
1654 4305 1746 4360 initus.
1772 4308 1832 4360 Pari
1857 4309 1968 4374 ratione,
1982 4311 2027 4363 saal

330 4411 405 4468 petua
424 4411 474 4466 pax
492 4390 553 4446 sseri
573 4402 665 4461 posset.
687 4389 803 4442 Proinde
829 4399 901 4442 recte
927 4400 1053 4444 notantur
1070 4391 1152 4444 Frao-
1189 4388 1437 4464 ,imquiposterior
1455 4407 1508 4443 non
1530 4388 1634 4461 implet,
1655 4402 1680 4444 et
1696 4391 1841 4460 ereqssitne
1857 4405 1947 4461 pacta,
1967 4397 2024 4446 nnl-

330 4484 415 4532 ciscus
434 4481 455 4534 l.
473 4476 690 4544 res,Grlliquo,
708 4483 846 4545 putantes,
864 4472 993 4542 promissa
1013 4475 1105 4528 carolo
1118 4481 1152 4530 V.
1200 4477 1301 4528 lutenus
1319 4475 1349 4526 in
1378 4473 1454 4542 eulpa
1474 4482 1532 4526 est:
1550 4470 1678 4542 quoniam
1696 4474 1803 4526 nonnisi
1828 4475 1878 4526 sub
1898 4475 2025 4530 eonslitio

330 4559 427 4614 caesari
445 4570 476 4616 nt
489 4562 516 4613 in
530 4575 633 4611 carccrc
647 4556 721 4622 luctu,
739 4557 851 4610 invalida
865 4565 891 4610 et
906 4557 1086 4614 rescindenda.
1102 4561 1153 4614 llil-
1175 4535 1180 4640 l
1203 4579 1238 4614 ne
1256 4558 1400 4615 tenebatur.
1429 4559 1458 4612 si
1478 4557 1574 4611 hostile
1592 4557 1663 4628 quiri
1685 4557 1815 4612 inferatur
1835 4577 1882 4628 per
1907 4561 1985 4614 latera
2004 4575 2029 4617 es

332 4641 973 4712 versantequnqueltmttnot.neumanen-
1176 4643 1343 4708 ‘iuilirecte,
1362 4641 1525 4711 permissum
1557 4642 1610 4694 erit
1639 4641 1731 4696 eadem
1765 4643 1961 4698 machinatione
1979 4646 2027 4697 uti.

369 4733 391 4788 ς.
410 4726 453 4779 ur.
475 4725 526 4777 hlii
547 4724 641 4778 callitla
654 4726 875 4797 interpretatione
889 4727 1077 4782 eonsentiooes
1090 4731 1153 4782 sub·
1203 4730 1249 4784 sie
1267 4725 1374 4797 qnando
1402 4725 1476 4779 licuit
1496 4726 1578 4779 suem
1597 4724 1723 4780 ἰιιιιιιι
1753 4743 1862 4794 regnum
1885 4727 2027 4794 Poloniae,

333 4823 434 4867 sectere
452 4831 480 4866 ao
499 4809 602 4865 eluilerc
620 4811 704 4864 conati
725 4821 796 4864 sunt.
812 4811 997 4880 lnterpretatin
1010 4823 1093 4866 tameo
1109 4832 1154 4882 pa·
1203 4829 1268 4882 pace
1286 4809 1485 4864 monasteriensi
1505 4808 1748 4876 comprehensum,
1776 4810 1865 4862 illaesa
1888 4829 1969 4881 paraq
1994 4813 2028 4864 li·

335 4899 385 4948 otis
404 4897 571 4958 conveniens,
591 4911 694 4964 semper
712 4894 827 4947 utmiua
847 4893 906 4948 luit.
932 4896 992 4964 Quo
1009 4895 1074 4964 qniil
1095 4897 1154 4967 plus
1205 4895 1260 4948 cuit
1278 4894 1395 4948 uicissim
1416 4893 1560 4946 bustriecis
1582 4893 1721 4946 coloniam
1741 4892 1881 4947 deieuiere
1910 4895 2029 4950 incorru-

336 4979 432 5034 iaroris
451 4979 552 5040 habuit,
571 4995 601 5028 eo
619 4977 704 5030 laxius
716 4977 960 5048 interpretandum:
978 4997 1030 5050 quo
1050 4982 1154 5049 longius
1178 4973 1183 5034 Ι
1205 4991 1250 5049 pta
1268 4997 1339 5050 pace.
1358 4979 1388 5032 Si
1407 4989 1493 5032 tamen
1513 4978 1659 5048 improvisa
1678 4979 1987 5048 quandoquensoessitas
1999 4981 2028 5034 in

337 5065 412 5128 abit,
431 5082 462 5118 eo
480 5061 625 5116 restrictius
644 5059 723 5115 Grot.
740 5063 791 5115 loc.
817 5063 861 5115 eis.
887 5069 908 5126 ς.
935 5065 980 5116 tt.
1004 5063 1092 5136 lisque
1110 5083 1154 5118 su·
1179 5099 1184 5158 Ι
1205 5079 1280 5116 eausa
1299 5063 1348 5130 sit,
1370 5081 1421 5134 quo
1440 5063 1527 5116 minus
1548 5078 1587 5114 ιιι
1606 5063 1883 5127 ιιιιιιιιιιι,ηιιιιι
1900 5067 2027 5133 purgatio,

338 5146 434 5200 menda
454 5147 650 5216 interpretatio,
669 5163 734 5216 qnae
751 5156 839 5217 partes
856 5145 941 5216 quoad
952 5145 1015 5202 belli
1027 5151 1157 5218 justitiam
1180 5165 1185 5218 Ι
1207 5163 1240 5200 ιι
1257 5149 1313 5214 jure
1332 5161 1460 5198 munuum
1479 5143 1510 5197 asi
1531 5143 1642 5214 priests,
1679 5156 1738 5198 ntra
1757 5144 1834 5198 breve
1852 5153 1954 5214 tempos
1974 5161 2032 5216 per·

339 5231 454 5284 maxime
470 5241 572 5301 aequat.
586 5231 719 5284 Conventa
741 5231 777 5284 rei
792 5231 924 5284 restitutio
937 5233 1158 5300 quemadmodum
1180 5221 1186 5310 l
1209 5232 1314 5296 tineus,
1334 5239 1360 5283 et
1378 5229 1422 5284 hie
1440 5237 1550 5300 propter
1569 5227 1726 5298 aequitatem
1745 5228 1908 5296 recipienda.
1933 5231 2031 5300 Quaen·

340 5313 546 5386 interpretantis,
566 5315 646 5370 sestis
664 5315 775 5369 Grotius
794 5317 854 5370 ioco
881 5315 925 5368 rit.
943 5314 1057 5372 Nomina
1078 5320 1160 5388 regio·
1207 5332 1285 5386 quain
1304 5313 1418 5366 hicnon
1437 5313 1623 5382 respiciamus,
1644 5311 1711 5384 quicl
1741 5313 1862 5375 caritati,
1894 5329 1978 5382 aequo
2004 5324 2033 5366 et

339 5414 403 5452 num
422 5397 573 5470 accipienda
592 5416 627 5452 ex
645 5414 691 5452 usu
704 5399 853 5468 praesentis
868 5401 1006 5470 temporis,
1019 5419 1072 5455 non
1087 5420 1161 5472 praa·
1210 5399 1433 5466 honocongruatq
1454 5395 1499 5448 scil
1526 5395 1557 5450 ml
1588 5397 1653 5466 quisi
1685 5397 1854 5450 extrinsecus
1884 5397 1941 5467 cogi
1972 5397 2032 5468 quis

343 5481 426 5536 teriti.
445 5483 566 5552 Qualiter
585 5491 655 5537 recta
673 5482 865 5537 contenderunt
880 5484 1012 5552 quondam
1030 5487 1159 5556 Hirpinie
1209 5492 1295 5554 queat.
1314 5483 1390 5536 Grot.
1409 5481 1461 5533 loo.
1479 5479 1527 5533 cit.
1545 5487 1568 5543 ι.
1586 5481 1629 5532 stt.
1643 5489 1670 5532 et
1685 5479 1729 5533 31.

341 5582 400 5620 eom
419 5567 491 5620 anim
511 5567 580 5620 inter
599 5566 795 5620 Fertinantum
816 5567 975 5622 catholicum
1001 5577 1029 5622 ιι
1053 5571 1161 5625 huitoni·
1245 5566 1268 5641 5.
1289 5569 1349 5620 102.
1368 5566 1488 5635 Denique
1504 5565 1614 5620 violatur
1631 5574 1762 5618 consensa
1787 5580 1856 5633 pax,
1887 5562 1910 5616 si
1941 5573 2033 5634 aperta

344 5667 403 5704 cuns
423 5649 481 5702 llll.
501 5661 603 5720 pactum
623 5662 690 5706 esset
710 5651 743 5705 sle
762 5667 842 5722 regno
860 5651 983 5726 Neapolis
1002 5653 1160 5712 slivislenilo:
1210 5655 1273 5726 quisl
1292 5649 1339 5706 flat
1357 5653 1384 5706 iu
1401 5651 1588 5706 coutumeliam
1607 5665 1723 5704 summae
1741 5645 1896 5719 potestatis:
1921 5647 2033 5702 secretis
