4456 6208
383 379 437 430 sss
875 341 878 346 ’
949 367 1397 422 nisuursrtov.
1909 329 1991 440 ιιι

324 489 385 552 pter
405 477 468 545 lepis
487 467 706 540 impedimentum
728 481 780 518 uon
799 471 854 516 erat
873 462 979 534 primo,
999 463 1023 514 2.
1043 481 1089 516 ueo
1108 465 1146 514 in·
1201 465 1356 532 acquirend.
1371 463 1477 517 burred.
1491 462 1664 514 uerbisrtnur
1677 461 1785 516 rnts'orre
1796 458 1921 516 utilitatis
1934 477 2020 532 poam
2053 531 2060 542 ι

326 579 407 630 genua
429 559 481 610 nist
502 554 570 624 quusi
589 564 649 602 truie
668 565 776 618 corpote
800 562 939 617 quursttttn
969 549 1089 610 iecisset,
1111 548 1149 599 rei
1197 549 1425 615 jurisprudentiae
1438 560 1568 614 receptum
1581 557 1627 599 etl.

326 646 438 696 olsscuro
458 641 513 692 locu
532 646 590 688 stata
609 633 930 698 sit,cunstaset,aliquis
949 642 1070 702 stuprum
1089 649 1147 684 astus
1236 639 1258 694 §.
1277 633 1320 684 12.
1348 633 1429 685 Porro
1459 635 1592 684 uesuiuem
1623 626 1779 681 laedendum
1810 627 1842 681 ad
1873 627 2017 680 meandum

329 744 357 778 eu
378 723 561 776 cousmittebat
575 717 592 770 1.
607 713 679 783 ἰὴ]-
698 715 730 766 sie
743 713 911 768 concubinis.
929 716 1019 785 Neque
1038 717 1078 768 lex
1092 719 1149 768 siue
1199 715 1334 768 susurnam
1350 715 1546 767 t'ussdasnentam
1565 722 1618 774 est,
1638 724 1664 764 et
1684 723 1768 764 taruco
1794 713 1944 764 naturaliter
1962 729 2019 782 pte·

334 829 417 884 poena
439 803 672 876 permittebat,ut
686 801 745 868 quis
759 799 846 867 plures
864 802 1019 854 concubinas
1040 801 1150 855 haberet.
1203 802 1238 852 tio
1257 801 1399 869 emptionis
1412 810 1439 852 et
1457 798 1616 851 venditionis
1633 797 1816 850 contrahentes
1828 811 1856 846 so
1873 799 2016 850 circumre-

334 895 432 950 „msetp
447 893 490 944 18,
501 909 522 943 ς.
539 890 563 940 5,
579 889 605 938 ιιι
620 886 731 940 caeteris
745 901 796 936 nou
810 883 974 938 differebata
994 903 1054 938 aero
1067 890 1152 941 rastri·
1202 883 1259 936 uisa
1278 901 1351 952 [nese
1369 883 1499 952 permittit
1517 885 1591 935 dotus
1608 881 1681 932 1:16.
1696 887 1718 942 ς.
1738 875 1807 946 hff.
1818 877 1851 931 de
1869 880 2019 934 minoribus

330 981 419 1032 monio
435 977 487 1029 uisi
506 973 642 1028 saturatis
662 967 853 1029 destinatione,
868 985 902 1021 an
921 986 976 1020 cam
997 985 1102 1022 uxorein
1116 989 1149 1023 an
1201 967 1217 1018 ι.
1230 967 1293 1018 item
1306 968 1338 1019 si.
1356 974 1377 1028 §.
1398 970 1423 1020 3.
1435 966 1466 1036 ff
1483 967 1575 1020 iocati.
1594 963 1701 1018 Certum
1722 963 1815 1032 igitar,
1833 963 1902 1032 quod
1921 975 1947 1016 ιι
1966 966 2016 1020 hoc

329 1063 501 1114 conaohiuam
515 1057 653 1109 habiturus
668 1055 702 1106 sit
715 1053 733 1102 ι.
745 1049 817 1118 bff.
836 1052 861 1102 d.
880 1064 899 1103 s.
912 1052 995 1120 Igitur
1013 1053 1148 1106 dillesehat
1201 1050 1228 1102 in
1249 1065 1367 1120 respectu
1384 1052 1416 1102 ιιι
1434 1054 1504 1120 leges
1524 1061 1626 1104 nostras
1643 1047 1825 1116 accipiendum
1845 1049 1896 1110 sit,
1915 1049 1979 1100 alias
1993 1061 2021 1102 ee

332 1145 480 1200 concubina
492 1164 505 1196 a
518 1153 619 1202 scorto,
632 1137 701 1208 quud
716 1153 774 1188 cusu
789 1137 836 1188 hoc
855 1136 1013 1186 connubium
1025 1131 1084 1190 lieri
1099 1155 1150 1190 nou
1202 1137 1311 1188 minima
1329 1137 1409 1190 laesio
1426 1136 1505 1188 etiam
1524 1134 1604 1186 laesio
1621 1144 1675 1197 est,
1693 1143 1720 1184 et
1743 1143 1832 1185 contra
1856 1147 2020 1204 praeceptam

330 1224 781 1301 possetcumillasaepius,ueque
800 1221 884 1289 spurii
905 1223 1044 1290 quicquam
1064 1239 1150 1292 expa-
1199 1221 1264 1287 juris
1289 1222 1454 1286 crederetur,
1475 1219 1573 1272 exinde
1596 1217 1628 1269 ad
1655 1217 1872 1288 praescindendas
1897 1215 2021 1273 inlicitas

332 1315 380 1367 tris
396 1321 557 1365 testamento
575 1315 789 1375 cosssequasstur,
802 1303 853 1356 lilii
867 1323 898 1358 es
918 1306 1039 1374 legitimo
1058 1322 1148 1358 conca·

326 1399 420 1450 biuata
432 1396 545 1448 omniuo
558 1393 583 1444 si.
598 1392 701 1444 novell.
717 1391 759 1442 18.
773 1407 794 1442 c.
808 1390 833 1441 b.
849 1389 888 1442 hb
902 1405 982 1439 uxore
1000 1406 1060 1440 reso
1073 1389 1149 1442 uitta·

329 1482 402 1532 rebat
427 1477 586 1538 concubina,
600 1475 667 1544 quusi
688 1471 893 1528 matrisiamilirs
913 1474 1066 1524 honestatem
1087 1490 1151 1524 nuu-

329 1581 405 1633 qusns
418 1562 539 1626 haberet,
554 1561 605 1613 uisi
621 1559 725 1628 patroni
741 1559 885 1610 roisoubina
903 1557 920 1608 i.
932 1556 1061 1626 probrum
1064 1555 1105 1626 ff
1118 1558 1150 1610 de

331 1647 386 1702 ritu
401 1657 474 1713 nupt.
489 1645 575 1713 Cujac.
588 1643 632 1694 lib.
645 1643 669 1694 ιι.
682 1643 739 1694 obs.
750 1641 774 1694 6.

365 1742 387 1796 ς.
399 1735 442 1784 tu.
466 1733 524 1782 imo
550 1730 657 1799 quidam
685 1726 872 1782 concubinatos
891 1729 948 1795 jure
965 1743 1074 1783 romano
1091 1745 1150 1796 per-

332 1817 428 1870 missas
455 1833 540 1869 soram
569 1815 623 1866 Deo
642 1831 693 1866 uun
719 1822 819 1865 tantum
844 1812 993 1880 legitimum
1018 1816 1148 1866 matrimu-

331 1904 405 1954 nium
429 1912 489 1964 est,
510 1899 556 1954 sed
580 1911 607 1952 et
631 1899 750 1967 gentium
777 1902 842 1966 jure.
867 1899 986 1968 Exempli
1012 1900 1070 1950 loco
1094 1917 1150 1952 esse

331 1993 429 2058 potest,
447 1984 515 2053 quod
546 1983 616 2036 inter
641 2001 745 2038 serrum
767 1995 794 2040 at
816 1983 937 2038 ancillam
961 2001 1069 2036 rosnsuu
1092 1987 1150 2052 jure

331 2071 528 2125 matrimonium
543 2085 600 2120 esse
613 2067 754 2136 nequibat,
768 2069 813 2120 sed
826 2077 924 2122 tentum
939 2068 1149 2132 cossttsberuiuru,

330 2157 399 2225 quud
423 2153 518 2208 effectu
537 2157 590 2208 reri
611 2154 775 2209 matrimonii
792 2153 912 2216 carebat,
931 2154 969 2207 sic
988 2162 1015 2205 et
1034 2155 1103 2206 iuter
1116 2155 1149 2206 li·

332 2240 423 2292 herum
448 2247 476 2291 et
497 2239 638 2303 ancillam,
655 2256 722 2308 quae
741 2247 778 2292 tu.
802 2237 870 2307 apud
895 2239 960 2289 alias
985 2251 1076 2304 pentes
1101 2255 1149 2306 pro

330 2340 391 2376 reso
405 2323 576 2376 matrimonio
596 2321 795 2392 reputabantur,
809 2323 844 2372 uti
860 2325 887 2374 in
901 2320 1025 2382 Graecia,
1043 2321 1149 2374 Cartha·

330 2407 391 2473 giue
410 2417 460 2457 etc.
479 2407 555 2474 Engo
575 2405 685 2460 Grotius
704 2404 737 2458 sie
749 2406 774 2477 1¹.
793 2406 818 2456 b.
835 2405 881 2457 lib.
900 2406 924 2458 2.
936 2423 957 2456 o.
971 2407 996 2457 b.
1015 2424 1043 2456 u.
1058 2405 1100 2457 ιιι.
1115 2407 1148 2458 Et

329 2500 400 2540 certo
419 2499 539 2558 respecto
563 2487 632 2558 apud
658 2489 783 2542 hebraeos
807 2488 969 2544 obtinebant.
994 2489 1077 2543 Exod.
1106 2493 1149 2542 ut.

329 2587 379 2623 nec
398 2572 515 2625 moribus
535 2575 634 2627 uostris
651 2574 721 2642 quod
742 2584 803 2627 tanc
826 2575 1027 2627 contubernium
1049 2589 1147 2629 tautum

329 2672 416 2708 rerum
438 2657 638 2710 matrimonium
665 2675 722 2710 esse
744 2658 896 2727 impeditur.
926 2659 1043 2713 Proinde
1059 2679 1150 2714 coucu-

329 2738 448 2792 binstom
468 2740 555 2810 primo
574 2749 602 2792 ot
621 2740 654 2794 ad
673 2743 871 2812 principissae
890 2743 1039 2796 attenderet
1061 2747 1150 2814 legiti-

332 2839 403 2876 musn
424 2826 625 2892 pronunciarit,
643 2827 708 2879 alias
727 2829 829 2880 scilicet
848 2845 981 2882 serrorum
999 2832 1150 2898 conjonctio

330 2916 356 2959 et
373 2906 484 2959 aliorum
505 2911 630 2962 scortatio
649 2911 759 2962 dicenda
778 2911 888 2978 luisset,
905 2915 973 2981 quod
994 2925 1080 2968 umen
1099 2917 1148 2968 do·

330 3008 405 3054 rum,
423 3011 482 3046 cnm
509 2995 578 3046 nihil
601 2994 729 3050 nefandae
757 2998 881 3052 lihidinis
911 3000 939 3050 in
965 3001 1149 3066 conjunctione

334 3075 385 3128 hau
402 3075 577 3145 reperiretur,
591 3089 616 3130 et
629 3088 715 3132 tameo
728 3079 760 3132 ad
773 3081 838 3146 iuris
848 3079 935 3134 uirilis
949 3083 1050 3150 regulas
1061 3103 1148 3144 rerum

328 3159 527 3210 matrimonium
562 3178 615 3214 nun
645 3171 717 3226 erat,
737 3163 799 3215 hina
830 3167 937 3218 tertium
964 3169 1151 3224 concubinatus

329 3257 424 3294 nomen
452 3244 662 3299 nanciscebatur.
690 3247 810 3301 Secunda
835 3250 936 3319 publice
959 3251 1103 3320 intererat,
1122 3267 1152 3310 ut

330 3322 514 3389 fornicationi,
534 3330 647 3398 stupris,
667 3333 768 3400 raptui,
782 3333 936 3402 adulteriis,
958 3341 1058 3392 occasio
1080 3359 1152 3410 prae·

329 3411 508 3475 scinderetur,
529 3413 592 3466 hino
618 3433 707 3469 amore
733 3430 823 3488 eaptus
849 3438 907 3490 erga
932 3439 1004 3488 eam,
1022 3441 1101 3493 qssssn
1119 3430 1153 3482 ob

332 3497 550 3568 impedimentum
571 3502 635 3570 legis
654 3503 748 3556 ducere
766 3506 905 3575 nequibat,
924 3509 1063 3562 secuudum
1083 3524 1153 3566 certa

329 3582 455 3649 requisita
478 3599 555 3652 supra
575 3587 685 3638 aslslasta
704 3590 874 3642 concubinam
895 3591 989 3646 habere
1007 3611 1058 3649 uon
1078 3617 1155 3669 neps-

331 3665 424 3729 batur,
444 3677 469 3719 et
496 3669 575 3720 libori
600 3687 631 3720 ex
659 3673 846 3726 cousuetudine
872 3673 921 3727 ista
945 3680 1052 3745 nsti,a
1081 3694 1156 3752 patre

331 3747 502 3804 haereditatis
515 3752 570 3802 loro
587 3753 749 3818 accipiebant
769 3775 816 3824 per
835 3759 936 3826 allegat.
954 3765 1113 3817 nov-18.c.
1129 3766 1154 3816 b.

336 3833 381 3884 hst
401 3834 535 3896 muribus,
554 3837 613 3905 quia
634 3833 698 3890 listis
716 3851 811 3903 cessat,
830 3842 865 3893 oh
890 3859 966 3912 quem
985 3847 1152 3913 permitteba-

328 3929 371 3976 tur
386 3937 399 3968 ι
415 3921 560 3984 Romanis,
579 3940 593 3973 a
613 3923 769 3976 scortatione
787 3924 878 3980 ‹liffert
895 3943 988 3996 purum
1008 3925 1093 3996 Cujae.
1107 3933 1151 3987 tit.

329 4001 354 4052 b.
374 4003 471 4056 obuli.

366 4093 389 4148 ς.
410 4089 454 4140 ll.
474 4087 549 4157 Quod
568 4099 653 4143 autem
674 4091 839 4161 magistratus
851 4094 884 4147 ob
903 4096 1032 4164 publicam
1055 4097 1152 4152 ustttu.

331 4180 382 4222 tem
406 4181 508 4242 prseter
527 4176 655 4241 culparem
674 4181 740 4244 juris
758 4179 884 4232 rationein
904 4182 971 4234 ιιιιι
991 4181 1150 4237 couscientia

333 4255 433 4322 aliquid
458 4258 613 4326 permittere
637 4263 736 4330 pssssit,
755 4264 823 4330 quod
849 4264 926 4317 hodie
950 4264 985 4317 ob
1010 4275 1092 4318 status
1111 4284 1151 4319 ra·

333 4339 432 4390 tionem
452 4339 557 4404 stiessut,
578 4343 687 4395 dubium
708 4361 758 4396 unu
779 4355 827 4399 est.
847 4348 982 4416 Siquidem
1003 4350 1073 4401 Deus
1093 4349 1151 4418 ipse

333 4440 379 4472 rou
400 4424 649 4493 rerumpublicarum
671 4427 792 4480 insudatur
816 4433 1040 4500 prudentissimus
1059 4435 1085 4484 in
1106 4437 1149 4486 he·

328 4505 464 4561 hrseorusn
492 4513 622 4581 republica
648 4515 746 4578 jssslaeis
767 4517 846 4566 multa
871 4518 903 4568 oh
931 4527 1076 4584 respectum
1096 4537 1149 4571 cer·

331 4601 383 4642 tuus
406 4591 534 4657 indulsit,
553 4614 617 4662 quae
635 4607 708 4647 extra
729 4612 870 4664 respectum
892 4600 961 4653 hssuo
980 4603 1008 4652 iss
1029 4620 1094 4656 noro
1118 4613 1152 4657 te·

336 4683 467 4726 siamusto
486 4692 536 4726 nnss
557 4679 717 4745 probentur,
737 4680 858 4732 Christus
877 4683 932 4752 ipse
950 4685 1047 4740 trusit.
1067 4691 1109 4744 19.
1122 4707 1151 4740 rs.

332 4756 359 4804 8.
378 4755 487 4808 iudaeis
506 4775 575 4826 resp.
601 4763 691 4814 tttoaes
711 4763 783 4814 vohis
801 4766 835 4817 ob
859 4769 945 4820 cardis
970 4772 1051 4824 rastri
1079 4773 1150 4826 dari·

334 4839 397 4886 tiesrs
414 4837 552 4892 disortium
569 4846 781 4910 praemiseramus
801 4851 876 4903 initio
894 4869 945 4904 nou
964 4865 1019 4906 erat
1038 4857 1091 4916 sios
1110 4867 1148 4910 at·

1201 1309 1403 1368 controversias,
1421 1319 1448 1358 et
1469 1305 1504 1358 ob
1528 1307 1628 1356 incesta
1651 1319 1738 1356 reram
1765 1302 1849 1372 pretia
1873 1302 1942 1355 iuter
1958 1321 2019 1370 eos,

1200 1391 1244 1460 qui
1265 1393 1379 1456 judicem
1399 1407 1565 1444 communem
1593 1405 1645 1441 uon
1669 1387 1782 1452 habent,
1800 1387 2020 1455 inexplicabiles,

1202 1476 1308 1544 publico
1327 1477 1393 1528 hono
1412 1483 1544 1542 receptura
1561 1471 1629 1536 luit,
1644 1480 1672 1524 ot
1683 1472 1718 1523 oh
1735 1469 1945 1540 inaequalitatem
1960 1490 2020 1525 sno-

1201 1561 1234 1612 do
1253 1560 1333 1612 laesio
1351 1577 1402 1612 uon
1423 1559 1538 1611 enormis
1557 1559 1640 1622 sit,a
1665 1569 1738 1626 panto
1760 1555 1894 1609 discedere
1917 1575 1969 1610 nou
1989 1560 2024 1610 li-

1202 1653 1287 1708 ceras,
1307 1657 1329 1698 et
1347 1645 1420 1712 quasi
1447 1643 1561 1696 naturale
1579 1653 1699 1712 putatum
1722 1641 1865 1711 emptionis
1884 1646 2022 1697 eluendi·

1203 1729 1283 1782 tiouis
1301 1730 1369 1796 quosl
1395 1742 1495 1798 emptor
1518 1728 1609 1782 uiliore
1633 1727 1821 1797 comparandi,
1839 1727 1957 1781 uenditor
1982 1746 2025 1784 ua·

1203 1814 1271 1865 riore
1290 1811 1456 1865 distrahendi
1476 1824 1560 1864 sotum
1580 1823 1698 1880 gerentes
1720 1811 1751 1862 ad
1771 1811 1839 1864 huuc
1855 1823 2023 1868 contractam

1201 1895 1327 1950 accedant.
1347 1897 1363 1948 ι.
1382 1898 1408 1948 8.
1428 1915 1452 1950 c.
1471 1898 1504 1948 de
1525 1896 1640 1949 rescinsl.
1659 1895 1762 1950 vendit.
1780 1894 1939 1949 Naturaliter
1957 1915 2022 1950 reso

1204 1979 1251 2032 hoo
1268 1998 1320 2034 nou
1340 1981 1417 2034 licere
1435 1981 1503 2049 quod
1517 1981 1585 2032 dicit
1603 1980 1673 2032 idern
1686 1990 1726 2033 est
1743 1997 1772 2033 ac
1791 1979 1969 2049 inseparabile
1986 1983 2022 2032 ah

1202 2061 1250 2114 hoc
1268 2074 1419 2128 contractu,
1432 2077 1455 2117 et
1469 2065 1586 2118 moribus
1606 2065 1681 2117 etism
1701 2074 1843 2134 receptum.
1859 2065 1946 2118 Veluti
1957 2067 2025 2120 Pau·

1200 2147 1241 2198 lus
1261 2149 1395 2216 Apostolus
1411 2161 1498 2200 natura
1516 2148 1573 2204 uiro
1594 2159 1667 2218 turpe
1682 2159 1721 2202 est
1733 2165 1835 2202 comam
1853 2150 1923 2202 alere
1934 2185 1942 2214 ,
1952 2163 1980 2204 et
1994 2152 2024 2204 io

1202 2230 1452 2302 1.jusr0.urumff.
1470 2235 1504 2284 de
1519 2248 1541 2281 r.
1548 2249 1574 2303 J
1588 2230 1632 2282 uhi
1647 2249 1733 2284 earam
1752 2247 1840 2283 rerum
1860 2231 2026 2286 naturaiiter

1202 2315 1271 2367 iuter
1290 2333 1316 2366 se
1336 2333 1421 2385 pugna
1443 2327 1483 2366 est
1503 2326 1609 2368 testatus
1633 2325 1659 2368 et
1686 2317 1836 2368 intestatus.
1852 2315 1912 2368 Nou
1939 2313 2024 2368 dissi-

1203 2400 1261 2452 mili
1280 2403 1382 2452 ratiuue
1400 2412 1425 2454 et
1444 2402 1568 2464 testium,
1581 2403 1622 2467 jus
1641 2416 1716 2454 suum
1734 2399 1829 2468 cuique
1847 2399 1963 2452 tribuere
1983 2400 2024 2452 in·

1203 2485 1371 2553 telligeudusu
1390 2499 1438 2540 est.
1457 2485 1540 2540 Nemo
1557 2490 1614 2556 jure
1626 2506 1672 2541 sao
1690 2487 1742 2540 uisi
1762 2485 1868 2556 propria
1886 2487 1962 2554 culpa
1982 2503 2026 2540 ce·

1203 2590 1260 2626 scre
1274 2581 1366 2641 potest.
1380 2575 1409 2628 Si
1429 2591 1535 2627 suorum
1553 2574 1686 2642 negligens
1696 2584 1723 2626 et
1735 2588 1842 2625 suorum
1855 2573 2024 2637 incuriosas,

1201 2661 1258 2724 jure
1276 2660 1365 2721 cadit,
1382 2659 1467 2728 legunt
1491 2659 1556 2711 sitio
1575 2677 1626 2712 uua
1653 2657 1766 2721 accidit,
1785 2667 1827 2710 ast
1851 2655 1941 2711 odium
1960 2675 2026 2710 con·

1203 2751 1240 2794 tra
1259 2744 1363 2800 desides
1386 2745 1415 2796 tt.
1436 2754 1530 2813 gerunt
1553 2745 1656 2798 merito.
1677 2759 1734 2814 urg.
1757 2743 1776 2796 ι.
1799 2744 1825 2796 3.
1848 2761 1872 2797 ι.
1896 2742 1928 2796 ιιι
1953 2761 2028 2798 nun.

1202 2838 1309 2896 except.

1238 2915 1260 2980 §.
1281 2918 1323 2968 13.
1346 2919 1460 2971 Eatenus
1486 2917 1578 2970 omuia
1603 2933 1667 2987 quae
1691 2916 1720 2967 in
1742 2929 1848 2968 mmauo
1867 2911 1924 2980 iisse
1941 2912 2025 2966 conti·

1203 3011 1298 3054 nentur
1315 3001 1348 3054 ιιι
1372 3002 1441 3054 dicta
1467 3012 1606 3072 praecepta
1632 2997 1725 3054 referri
1749 3005 1872 3069 pussant,
1891 3007 1918 3050 et
1944 3006 1974 3049 at
1993 2995 2024 3047 id

1204 3087 1316 3140 iecerint
1333 3105 1364 3141 eo
1382 3088 1480 3152 tutius,
1498 3103 1577 3139 osusse
1598 3103 1673 3138 raum
1691 3087 1731 3152 jus
1748 3099 1882 3135 romanum
1913 3097 1944 3132 ex
1963 3083 2024 3147 jore

1204 3187 1229 3222 u.
1248 3186 1273 3239 p.
1291 3181 1317 3223 et
1335 3188 1358 3223 c.
1378 3187 1415 3222 sc.
1435 3171 1462 3222 iu
1481 3187 1576 3237 genere
1594 3179 1695 3237 sumpto
1719 3167 1894 3236 collegerant,
1912 3166 1977 3220 adeo
1994 3179 2025 3222 ut

1204 3253 1274 3322 leges
1292 3255 1442 3322 neutiquam
1463 3262 1595 3317 statuant,
1607 3271 1672 3322 quae
1685 3250 1788 3318 juribus
1799 3251 1872 3302 bisce
1885 3261 1945 3304 snut
1956 3269 2021 3304 con·

1206 3339 1300 3399 traria,
1320 3339 1374 3391 imo
1401 3338 1455 3406 ipsa
1472 3340 1538 3406 juris
1557 3336 1642 3392 nostri
1660 3335 1792 3406 principia
1818 3351 1851 3386 ue
1875 3335 2022 3401 theologiae

1203 3423 1309 3491 quidem
1335 3422 1529 3484 contradicunt,
1551 3438 1597 3492 per
1619 3441 1664 3485 ea,
1681 3436 1746 3488 quse
1770 3421 1798 3470 iu
1823 3418 1888 3470 thes.
1909 3420 1953 3469 11.
1972 3435 2019 3470 ιι-

1207 3507 1308 3576 planata
1328 3519 1354 3561 et
1370 3508 1475 3562 alterius
1501 3508 1655 3577 explicanda
1677 3504 1809 3556 discursus
1831 3518 1919 3556 ausam
1937 3502 2021 3556 dabit.

1208 3590 1344 3646 Caeterum
1365 3591 1507 3659 insperatos
1527 3591 1563 3642 ita
1582 3589 1716 3642 enunciat:
1728 3589 1769 3655 jus
1787 3586 1864 3642 ciuile
1881 3598 1936 3649 est,
1948 3588 2021 3656 qnod

1207 3694 1292 3744 neque
1310 3677 1337 3728 iu
1357 3685 1440 3730 toturn
1458 3696 1473 3729 a
1494 3674 1606 3728 naturali
1627 3674 1666 3726 rel
1684 3673 1802 3742 gentium
1823 3674 1879 3736 jure
1897 3671 1998 3725 decedit
2009 3711 2019 3739 ,

1205 3775 1255 3811 neo
1272 3777 1318 3828 per
1335 3760 1423 3812 omnia
1443 3761 1466 3812 ei
1486 3758 1584 3822 sesrit,
1599 3761 1688 3827 itaque
1702 3773 1761 3810 cusu
1779 3754 1900 3809 addimus
1918 3756 2020 3826 aliquid

1208 3843 1246 3894 ssd
1265 3845 1423 3897 detrahimus
1442 3845 1494 3912 juri
1514 3845 1666 3907 commatri,
1686 3845 1726 3911 jus
1744 3843 1823 3895 uirile
1840 3837 1981 3894 efficimus.
1999 3844 2020 3894 ι.

1208 3927 1273 3995 lhffi
1291 3929 1324 3982 sie
1338 3929 1358 3997 ]“.
1378 3939 1404 3981 et
1409 3946 1434 4001 J
1454 3929 1523 3982 Dum
1542 3929 1624 3998 igitar
1640 3931 1680 3998 jus
1699 3945 1835 3982 romanum
1854 3937 1958 3996 praeter
1977 3929 2018 3993 jos

1203 4015 1321 4082 gentium
1339 4015 1379 4067 rel
1399 4014 1515 4066 naturale
1532 4014 1632 4084 aliquid
1659 4015 1794 4075 continet,
1811 4027 1842 4064 eo
1859 4009 1938 4062 dictis
1956 4011 2020 4077 jari-

1204 4096 1252 4148 bus
1271 4113 1322 4148 non
1341 4097 1503 4150 contrarium
1522 4100 1627 4161 statuit,
1644 4099 1705 4166 qnia
1723 4097 1834 4165 singulis
1852 4095 1954 4164 juribus
1973 4115 2020 4165 pe-

1203 4181 1314 4234 culiares
1326 4177 1395 4235 lisias
1408 4191 1478 4234 sant.
1499 4182 1588 4250 ipsum
1601 4184 1641 4248 jas
1654 4181 1770 4233 naturale
1779 4179 1947 4232 irnmutahile
1960 4189 2000 4231 est
2007 4217 2017 4244 ,

1203 4283 1250 4316 neo
1268 4283 1282 4316 a
1301 4265 1356 4318 Deo
1375 4275 1496 4318 motatur.
1516 4266 1593 4330 Eupo
1611 4263 1684 4317 Grot.
1703 4263 1730 4314 ιι.
1750 4263 1768 4312 ι.
1779 4263 1811 4314 sie
1819 4263 1840 4330 p'·
1860 4262 1918 4314 bell.
1930 4263 1976 4316 lib.
1993 4265 2019 4313 1.

1203 4365 1225 4399 o·
1243 4349 1267 4400 1.
1287 4367 1315 4400 n.
1333 4367 1362 4398 ar.
1381 4346 1523 4416 Eapropter
1541 4363 1600 4398 oum
1620 4361 1667 4416 per
1684 4345 1898 4417 approbationem
1917 4347 2019 4416 aliquid

1202 4433 1255 4500 juri
1279 4443 1387 4486 naturae
1410 4433 1572 4496 detrahitur,
1593 4433 1645 4499 iuri
1667 4431 1719 4500 ipsi
1751 4433 1821 4484 nihil
1844 4429 1946 4495 allicit,
1973 4433 2019 4486 sed

1202 4530 1276 4574 actus
1294 4521 1340 4574 isti
1360 4521 1392 4572 de
1410 4521 1506 4588 quibus
1533 4531 1624 4574 natura
1644 4521 1732 4573 statuit
1750 4519 2019 4582 circumscribuntur,

1204 4606 1241 4657 ati
1266 4606 1389 4661 naturalis
1419 4607 1483 4672 juris
1509 4606 1626 4658 debiturn
1652 4623 1710 4659 esse
1736 4603 1905 4664 soluendum,
1926 4603 1971 4654 sed
1994 4603 2018 4654 si

1203 4691 1319 4743 creditur
1336 4701 1469 4758 arreptum
1489 4688 1571 4754 ieret,
1591 4707 1641 4741 nou
1659 4706 1724 4758 opus
1742 4689 1811 4759 quod
1831 4689 1952 4741 soluatur.
1973 4687 2020 4741 Sic

1202 4773 1258 4840 jure
1277 4774 1348 4826 cis-ili
1374 4773 1563 4827 determinatur
1584 4775 1733 4842 depositum
1756 4788 1814 4825 esse
1839 4771 2018 4835 reddendum,

1203 4857 1247 4909 sed
1267 4859 1289 4910 si
1308 4857 1423 4912 furiosus
1441 4857 1554 4928 deponat
1571 4875 1623 4909 uon
1643 4856 1791 4910 iaciendum
1809 4871 1919 4925 semper·
1934 4855 1951 4906 ι.
1973 4856 2018 4906 31.

333 4929 418 4972 tamen
439 4921 501 4974 inde
520 4925 583 4975 illud
610 4945 663 4978 nost
682 4932 875 4997 concludimus,
895 4948 1003 5005 propter
1025 4942 1149 4994 rationem
1193 4938 1365 5011 ffdepntt'tt'·

335 5014 429 5069 statas,
448 5022 525 5074 prout
545 5011 624 5062 hodie
642 5032 656 5064 a
675 5015 829 5079 quibsssdum
855 5019 940 5083 audit,
960 5024 1054 5086 injusta
1072 5041 1149 5092 quae·

1238 5023 1262 5095 5.
1281 5024 1323 5076 ιι.
1342 5026 1388 5080 Est
1404 5036 1491 5080 sutem
1506 5027 1546 5094 jus
1559 5026 1676 5079 naturale
1695 5036 1858 5095 praeceptum
1877 5034 1961 5076 rectae
1976 5041 2017 5077 ra·

332 5107 381 5158 que
400 5090 447 5142 hac
467 5095 632 5146 excissatiarsa
652 5113 773 5163 peragere
784 5116 876 5166 posse.
892 5103 1014 5172 decipere
1032 5125 1079 5174 pro
1098 5127 1151 5162 rno-
1203 5109 1297 5171 tionis,
1315 5109 1382 5178 qnod
1401 5123 1473 5164 actus
1491 5111 1616 5182 quosdam
1635 5127 1667 5162 es
1688 5111 1802 5180 ipsorum
1823 5109 1935 5162 nstssrali
1954 5123 2017 5159 con·

333 5175 406 5226 ribus
420 5185 565 5245 temporum
581 5194 707 5230 summam
721 5182 883 5257 prudentium
898 5189 1037 5240 aestimare
1055 5189 1149 5255 licere,
1202 5193 1330 5245 reatensis
1349 5194 1388 5247 rel
1406 5194 1627 5248 disconvenientia
1644 5211 1702 5246 cusu
1722 5204 1790 5247 recta
1810 5195 1909 5248 ratione
1927 5209 1973 5260 per
1991 5207 2020 5242 ιι

332 5259 440 5324 pietatis
459 5272 485 5310 et
512 5261 656 5314 honestatis
682 5265 782 5316 ratione
808 5267 898 5318 relicta
924 5271 1148 5338 simplicissimas
1203 5274 1285 5328 honos
1304 5276 1344 5328 rel
1364 5278 1445 5331 malos
1462 5296 1565 5332 serrare
1582 5280 1625 5330 rel
1643 5276 1732 5344 fugere
1751 5279 1889 5348 praecipit.
1909 5279 1967 5346 Qua
1983 5295 2019 5328 ra·

331 5342 375 5390 ⁵³¹¹
395 5361 459 5410 ‘luet
477 5357 563 5397 contra
582 5348 694 5413 vulgetis
720 5349 755 5398 ita
780 5348 849 5412 iubet
874 5356 1029 5418 necessitas,
1049 5367 1077 5408 ut
1096 5359 1148 5409 uisi
1203 5363 1274 5412 tione
1299 5360 1387 5414 differt
1411 5380 1425 5414 a
1445 5365 1503 5429 jura
1524 5363 1616 5414 diuino
1641 5363 1803 5428 voluntario,
1826 5364 1896 5433 quud
1919 5363 2018 5432 obligat

333 5427 675 5499 periremalirous,agessda
695 5433 820 5498 quaedam
840 5435 1149 5504 sint,quaeiusemsla
1201 5443 1307 5513 quidem
1326 5445 1406 5494 etiam
1424 5462 1516 5498 omues
1535 5446 1655 5497 homiues
1682 5448 1839 5516 praeprimis
1858 5454 2018 5512 christianas

332 5511 436 5574 spsidem
458 5531 508 5564 non
528 5525 605 5577 sunt,
624 5514 668 5566 sesl
687 5531 759 5569 extra
785 5521 949 5571 suecessitatis
974 5537 1059 5573 carum
1080 5524 1149 5579 hune
1203 5527 1232 5576 in
1251 5524 1421 5586 conscientias
1441 5543 1529 5578 rerum
1555 5543 1631 5579 causa
1656 5529 1827 5595 obligationis
1844 5533 1947 5589 diversa
1965 5553 2018 5595 ears

332 5588 398 5642 buna
419 5593 486 5644 hausl
512 5611 685 5650 censerentur.
711 5599 809 5653 Taliter
835 5619 971 5654 romanum
997 5607 1037 5670 jas
1056 5607 1149 5659 utilita·
1202 5611 1242 5677 jus
1260 5610 1380 5662 naturale
1396 5609 1510 5678 obligat,
1527 5612 1588 5680 quia
1608 5623 1677 5665 settis
1696 5611 1728 5663 tle
1746 5616 1841 5682 quihus
1859 5621 1951 5673 statuit
1972 5641 2020 5694 per

333 5685 384 5726 teus
406 5693 521 5728 uus-suasu
542 5679 644 5741 hahuit,
661 5699 692 5732 ne
706 5684 867 5736 honestatem
887 5687 1001 5740 laederet
1019 5701 1060 5742 aut
1081 5691 1150 5756 juris
1203 5709 1230 5742 se
1248 5691 1309 5744 boni
1330 5695 1367 5746 rel
1387 5695 1448 5746 rnali
1469 5705 1547 5760 snut,
1562 5698 1602 5762 jus
1619 5695 1740 5750 dirinusn
1759 5713 1842 5753 autern
1862 5706 2022 5774 obligamus

330 5760 458 5812 ratiouern
477 5761 587 5815 elideret
606 5764 648 5816 sisi.
667 5763 706 5818 nsi
720 5781 803 5836 supra
822 5767 968 5838 allegatam
988 5771 1095 5824 t.·1.e.
1114 5774 1147 5826 sie
1202 5775 1270 5846 quod
1291 5775 1360 5830 Deus
1381 5777 1459 5834 soluit
1478 5781 1546 5850 llug.
1561 5779 1636 5834 Grot.
1650 5781 1674 5833 d.
1687 5781 1705 5832 ι.
1723 5784 1748 5834 1.·
1764 5797 1812 5839 esc.
1830 5788 1948 5846 secund„
1968 5795 2021 5846 ,pp
