4456 6208
418 388 471 440 tor
977 376 1428 436 ntsrtttbttov.
1946 383 2001 436 168

359 479 498 534 firmentur
516 480 614 550 Vultej.
632 479 730 537 conell.
744 495 883 550 marpurg.
908 477 1009 533 solum.
1036 477 1063 529 ³.
1079 473 1178 530 consil.
1262 472 1287 546 5.
1306 477 1331 528 l.
1352 479 1428 548 Quod
1458 477 1507 533 leuc
1524 486 1644 533 eccurete
1667 476 1836 534 tribuendum
1861 477 1911 543 sit,
1930 474 2059 530 delinitio

361 568 405 620 30.
424 568 508 637 Quem
526 565 662 620 immerito
679 567 741 619 bine
760 567 800 633 jus
819 564 869 617 hoo
886 576 1034 618 exterorum
1052 575 1176 629 quorum·
1229 561 1454 632 jurisprudentiae
1471 563 1571 634 exigit,
1590 580 1684 632 nempe
1701 563 1771 634 quud
1796 564 1834 618 sit
1858 561 1968 615 scientie
1987 562 2054 630 justi

360 649 419 704 stetu
440 659 527 703 notent
546 649 645 716 subiit,
664 660 693 703 ut
710 667 758 703 ceu
786 660 818 701 ert
845 647 993 702 erubitioue
1018 655 1044 698 et
1068 650 1178 703 esuritis
1228 652 1306 713 etque
1324 647 1574 713 injuetidiuinerum
1595 664 1684 701 rerum
1703 659 1729 703 et
1746 648 1918 700 hueneneruru
1939 643 2054 708 uetitis,

361 733 559 802 msgirtntuuru
576 741 679 798 ortum,
699 751 731 786 ex
748 751 800 804 qno
819 735 876 787 liter
896 749 948 786 nnn
979 742 1098 804 inputet
1129 735 1178 788 red
1229 725 1303 796 qussi
1322 729 1456 783 consultus
1482 732 1549 798 jurls
1570 729 1636 798 qultl
1661 731 1766 786 tllrlttee
1791 730 1836 802 qttl
1863 728 1991 782 humentes
2009 743 2054 780 re!

360 828 443 881 met,
461 817 490 869 iu
511 815 640 886 Hisponis
660 817 746 870 exuret
767 815 894 884 stepbsui
924 826 952 869 et
982 813 1115 884 Alphonet
1147 817 1180 869 x,
1231 811 1414 876 noscere‚sed
1432 813 1564 883 quoruodo
1574 815 1673 882 justum
1692 812 1724 864 eb
1743 813 1843 881 injusto
1860 811 2054 866 secernendum

360 900 462 971 judicto
479 899 555 954 ortt,
572 917 647 954 σθω,
666 902 710 953 69,
729 902 761 954 1„
778 898 866 954 eunt.
884 915 918 952 ῃ.
943 899 1047 970 μὴιὶω
1072 895 1180 968 prome.
1230 900 1349 946 eccnrute
1374 894 1440 946 scire
1465 894 1573 960 deben,
1592 911 1625 948 oe
1649 913 1700 965 pro
1722 896 1780 962 jure
1798 892 1895 948 inleret
1914 893 2055 960 injurium,

362 983 605 1040 [stuprandum
636 984 660 1036 1,
677 984 726 1036 sut,
745 1001 826 1054 9⁰⁸⁰·
858 982 1033 1053 prohibuerit,
1051 984 1179 1038 Marem,
1229 985 1275 1028 eut
1291 976 1351 1045 qtris
1369 993 1397 1031 rs
1415 995 1460 1031 sue
1478 979 1579 1032 inritus
1598 995 1687 1033 curere
1711 988 1815 1048 cogetur
1837 988 1866 1033 et
1885 978 2012 1032 innocens
2030 984 2058 1040 ς.

360 1070 396 1124 de
413 1067 457 1123 uie
470 1067 528 1137 y'eer.
546 1086 568 1121 c.
587 1068 631 1122 36.
650 1087 678 1122 n.
695 1070 723 1122 e.
743 1069 772 1122 St
792 1069 908 1139 peruersi
927 1069 995 1137 juris
1014 1069 1179 1133 detortum,
1233 1061 1258 1109 ¹·
1276 1059 1360 1114 instit.
1380 1061 1412 1124 de
1424 1063 1515 1137 justit.
1534 1074 1561 1116 et
1574 1066 1630 1133 jur.
1648 1081 1706 1136 urg.
1722 1065 1740 1117 l·
1762 1066 1806 1116 ll.
1824 1063 1857 1119 ele
1868 1063 1973 1132 poenis.
1990 1064 2054 1116 flue

363 1151 531 1222 expulissent
550 1151 639 1205 serius
656 1171 733 1222 quern
752 1171 890 1208 ruminum
914 1155 955 1222 jus
985 1153 1178 1218 abolevissent,
1230 1140 1327 1208 limum
1347 1146 1385 1200 ull
1406 1158 1431 1200 et
1450 1164 1528 1216 wrm
1547 1146 1648 1202 dietum
1669 1166 1722 1202 uon
1740 1147 1848 1201 elinnde
1869 1165 1947 1218 quem
1965 1165 1997 1200 e!
2016 1149 2057 1201 lo·

362 1236 461 1306 judicie
474 1235 591 1307 ipsorum
605 1234 708 1290 tutti-ius
719 1236 917 1291 absolveremur
929 1235 1180 1308 quandoque,quern
1231 1229 1307 1295 gibus
1325 1233 1442 1284 iuuenis
1460 1232 1650 1286 restituendum
1669 1233 1784 1301 est.Qui
1803 1231 1874 1285 nibil
1891 1234 1989 1298 jurense
2010 1249 2055 1285 re·

364 1335 435 1374 nune
453 1337 513 1374 eum
529 1321 627 1390 injurie
641 1321 757 1390 partium
776 1321 885 1374 hamt
906 1321 1019 1392 mpsim,
1233 1323 1340 1382 putent,
1354 1319 1406 1371 uisi
1425 1320 1496 1388 qnod
1511 1335 1557 1372 etto
1575 1320 1677 1388 judicio
1692 1327 1863 1374 etsecuunlur
1879 1329 1921 1372 eut
1940 1319 2057 1373 nllul'flll

399 1413 421 1467 ς.
439 1403 465 1455 2.
485 1404 543 1458 Nun
561 1421 604 1458 ers
621 1406 750 1474 culpende
760 1423 810 1474 que
828 1405 948 1460 homines
967 1405 1116 1460 ebutuntur.
1128 1403 1182 1459 Nus
1231 1401 1288 1466 iure
1304 1400 1419 1467 ebrietet,
1438 1420 1486 1474 pro
1505 1405 1613 1475 politice
1639 1403 1742 1458 tellone
1767 1403 1873 1474 ’flplttfll
1897 1419 2004 1473 Pffltms
2026 1414 2056 1458 ‘l

363 1487 514 1559 erubignnnt
532 1492 575 1558 ius
592 1489 739 1559 eocepilnus
758 1505 909 1558 umquem,
928 1490 973 1544 sed
1002 1489 1122 1543 lutilihns
1141 1490 1183 1540 di·
1235 1483 1507 1559 lluureuerutnlequnn
1524 1489 1685 1560 cognitionis
1702 1497 1822 1557 expertes
1839 1495 1910 1539 sunt.
1929 1487 1959 1540 Si
1978 1488 2054 1542 enirn

363 1574 559 1644 sputetionibns
584 1569 724 1626 efficimus.
743 1572 841 1627 Sedulo
859 1575 925 1628 estis
944 1575 1025 1628 serris
1050 1573 1182 1643 legleletu·
1232 1572 1274 1637 jus
1292 1580 1417 1638 neturus,
1435 1574 1554 1643 peutinrn
1573 1586 1597 1628 et
1615 1572 1693 1628 etetts
1710 1571 1825 1626 inuicem
1843 1569 1989 1635 differunt,
2008 1571 2059 1625 nti·

365 1676 408 1714 res
424 1657 625 1729 erubignitetens
644 1675 751 1712 onrnern
769 1659 946 1713 sustulerunt.
968 1658 1184 1716 constitueran-
1233 1669 1326 1724 quest
1345 1656 1409 1711 iude
1427 1659 1533 1728 justitie
1552 1658 1621 1729 quod
1640 1658 1745 1715 diuerso
1766 1651 1822 1709 line
1844 1655 1986 1725 spectile
2006 1656 2058 1710 boe

367 1755 398 1799 ru
415 1742 448 1795 de
465 1743 621 1814 confirmet.
630 1741 673 1810 ff·
690 1743 728 1796 ed
744 1758 836 1795 omme
851 1741 978 1813 populns.
1001 1740 1025 1815 5.
1056 1757 1083 1796 1.
1109 1745 1183 1800 verb.
1233 1741 1374 1810 quotuplex
1392 1745 1435 1811 jus
1452 1741 1640 1813 est‘,totuplex
1659 1759 1762 1813 qunque
1778 1741 2056 1811 justitie,eecundueu

364 1837 391 1882 es
408 1843 500 1882 omues
518 1828 706 1898 erubiguitutes
723 1826 825 1880 deciens
842 1827 919 1880 uultu
932 1826 1059 1882 seditioso
1082 1830 1184 1884 relicto.
1235 1841 1280 1889 es,
1296 1843 1362 1895 quse
1380 1827 1464 1880 iustus
1478 1828 1595 1882 Riemer.
1613 1828 1705 1883 decuit
1719 1829 1744 1880 1.
1758 1825 1859 1882 tlree.,l.
1879 1827 1909 1881 Si
1930 1825 1978 1878 hcc
1991 1836 2057 1880 terne

364 1915 401 1966 tt
421 1912 488 1966 lllnd
506 1910 718 1982 dernuru,quod
739 1913 767 1966 io
786 1911 854 1982 ipsis
875 1929 963 1967 rerurn
989 1913 1091 1969 obtinet
1109 1933 1184 1983 ergu-
1235 1925 1285 1962 une
1304 1912 1450 1980 respublica
1470 1917 1562 1982 poterit
1581 1916 1648 1980 juste
1669 1921 1797 1977 etetuere,
1816 1927 1881 1978 quse
1899 1912 1927 1963 iu
1946 1909 1998 1962 elis
2016 1912 2058 1977 ju·

366 1997 480 2064 ruentis,
498 2000 632 2052 consultee
650 1997 719 2066 juris
746 1997 931 2069 pbilosophiee
961 1997 1184 2066 aestimemini,
1236 2004 1273 2046 sta
1292 2012 1345 2047 uon
1365 2008 1442 2062 sunt,
1461 1999 1531 2051 nulle
1549 2001 1647 2069 quippe
1666 1997 1812 2068 respublioe
1830 1993 2057 2062 elterioslegibue

367 2080 482 2151 reliquos
500 2083 585 2152 legum
604 2083 769 2137 cerilletores
787 2082 946 2136 deterrentes
961 2101 1081 2152 prooem.
1103 2083 1184 2137 instit.
1237 2085 1352 2143 tutetur.
1370 2080 1414 2132 sed
1433 2080 1565 2150 queelibet
1583 2098 1630 2151 pro
1643 2083 1746 2135 retione
1763 2091 1841 2133 stetns
1859 2080 1898 2131 sui
1918 2078 1970 2132 sibi
1983 2097 2058 2132 eure-

364 2166 463 2237 imper.
480 2175 502 2231 t.
521 2170 546 2220 3.
564 2167 634 2222 uude
651 2168 770 2237 pretibns
782 2177 809 2220 et
821 2165 951 2220 sdsuoetis
969 2187 1077 2236 poenenr
1099 2188 1131 2222 ne
1144 2189 1184 2222 cr·
1236 2160 1343 2214 modum
1363 2163 1466 2220 formet.
1485 2166 1539 2220 tter
1561 2165 1651 2220 civille
1670 2181 1718 2218 uec
1743 2167 1860 2235 gentinus
1884 2165 1938 2231 iure
1954 2164 2060 2236 oblige-

367 2251 485 2305 lunrniee
500 2269 576 2307 muse
594 2261 731 2308 moverent
747 2251 811 2304 lites
828 2262 873 2304 ent
891 2259 989 2304 tersere
1008 2253 1183 2321 prosilirent,
1234 2258 1294 2301 rent
1311 2250 1396 2311 cites,
1415 2250 1469 2302 ulti
1488 2260 1575 2303 esseut
1592 2249 1744 2322 epprubetn.
1769 2249 1876 2302 Nullum
1895 2248 2060 2318 insolitique

370 2335 588 2404 praestituerunt,
609 2336 628 2387 l.
646 2334 672 2388 2.
689 2351 714 2386 e.
730 2331 763 2388 de
775 2333 893 2406 jurejur.
922 2345 1032 2403 propter
1065 2338 1184 2392 eulumn.
1235 2329 1287 2383 nisi
1299 2333 1481 2404 approbatum
1490 2347 1514 2390 et
1524 2335 1593 2404 leger
1605 2335 1742 2390 hebreicee
1751 2333 1914 2406 reipublieee
1925 2333 1987 2388 lieet
2000 2335 2058 2386 Deo

369 2418 525 2474 tritteesue
543 2419 695 2472 clementiee
724 2418 835 2489 gloriern
853 2431 897 2474 eut
920 2419 1068 2474 rereritetie
1086 2421 1183 2477 lsrnsrn
1233 2427 1339 2470 suctore
1363 2419 1431 2472 letee
1454 2439 1503 2489 que
1532 2421 1656 2491 politiore
1682 2439 1734 2474 non
1759 2421 1839 2473 eliter
1862 2437 1909 2474 uos
1938 2419 2060 2489 obligent

369 2503 523 2558 effecterent
541 2502 734 2568 informarunt,
750 2519 784 2556 ne
802 2503 901 2557 irerurn
921 2516 1040 2575 expertes
1054 2505 1183 2578 impunite
1234 2519 1313 2572 quent
1331 2504 1437 2558 ulterius
1454 2506 1576 2575 cujusvis.
1597 2507 1669 2575 ling.-
1686 2506 1761 2559 Grot.
1781 2507 1814 2558 de
1831 2505 1890 2579 jur.
1917 2503 1986 2559 Bell.
2005 2505 2054 2558 tit.

367 2599 503 2644 manerent
518 2589 626 2659 flagitis.
644 2589 663 2642 t.
681 2589 727 2640 lli.
744 2595 767 2651 ς.
786 2588 812 2639 2.
822 2585 865 2657 ff.
882 2586 919 2641 orl
933 2589 952 2640 l.
974 2590 1057 2660 nqrer'l.
1072 2609 1120 2644 nec
1134 2594 1185 2645 rui·
1237 2591 1261 2638 1·
1274 2608 1297 2644 e.
1314 2593 1340 2643 1.
1355 2611 1380 2643 n.
1395 2591 1440 2642 16.

366 2671 534 2726 sericordiern
554 2682 718 2739 esersentur,
749 2689 783 2726 ne
798 2674 854 2741 jure
872 2670 999 2741 eequileti
1026 2674 1172 2746 preelerent
1272 2679 1293 2736 ς.
1313 2673 1337 2725 ll.
1357 2676 1490 2728 ltorueuse
1508 2673 1669 2744 reipublicae
1686 2687 1742 2725 cuns
1762 2672 1832 2742 leges
1850 2671 1991 2726 conderent
2006 2688 2056 2742 pro

365 2758 385 2810 l.
404 2755 429 2807 8.
447 2773 471 2810 ο.
488 2756 521 2811 de
534 2756 651 2824 intutu.
680 2755 726 2811 eed
759 2767 837 2828 prout
860 2774 977 2829 quaeque
1005 2775 1046 2812 res
1073 2761 1185 2829 postulet
1234 2764 1315 2810 stetur
1333 2757 1470 2812 commodo
1490 2759 1523 2812 eb
1540 2759 1651 2811 eliorum
1678 2758 1832 2828 populorum
1857 2757 1983 2809 institutis
2002 2773 2058 2808 mn-

365 2857 496 2911 perpeneo
512 2840 609 2908 judicio
626 2851 751 2896 stetunnt.
770 2841 788 2893 l.
807 2843 851 2895 11.
860 2839 903 2911 ff.
921 2841 954 2894 de
970 2840 1066 2908 poenis
1093 2845 1129 2896 ite
1150 2844 1182 2896 ed
1235 2848 1279 2894 tuo
1297 2851 1470 2912 surrepserunt
1488 2845 1584 2906 multe,
1604 2853 1629 2894 et
1648 2845 1684 2896 ite
1703 2842 1759 2895 suis
1777 2828 1956 2909 temperemur
1977 2842 2056 2894 enori-

367 2935 466 2978 senctes
482 2925 628 2996 scripturus
645 2923 828 2990 attendentes,
847 2935 876 2978 ut
893 2925 980 2980 scient
1010 2942 1039 2979 ee
1058 2944 1109 2980 non
1129 2947 1181 2982 rne-
1233 2922 1299 2992 bus,
1317 2934 1348 2978 nt
1373 2939 1485 2981 mutuate
1505 2945 1556 2980 nou
1582 2935 1745 2998 eppereent,
1765 2937 1791 2980 et
1808 2926 1876 2995 quod
1894 2927 1959 2978 elles
1979 2937 2059 2977 netu-

363 3011 405 3079 εἰς
423 3009 541 3078 indicere
556 3027 633 3080 quern
653 3009 708 3079 ipsi
720 3007 860 3078 eliqueudo
873 3009 1031 3075 iudicentur,
1044 3025 1101 3062 curn
1116 3012 1183 3082 ipsis
1234 3027 1277 3064 ree
1294 3022 1338 3063 eut
1355 3013 1473 3082 gentium
1494 3013 1560 3078 juris
1579 3009 1663 3065 luerut
1681 3012 1735 3064 solo
1747 3009 1849 3063 rorneni
1862 3009 1928 3076 juris
1947 3011 2058 3061 nornine

368 3095 450 3164 rneqis
467 3113 543 3166 quern
562 3093 680 3166 pertibus
698 3092 816 3148 terribile
833 3092 960 3159 judiciuin
979 3102 1027 3158 est,
1047 3093 1178 3162 siquidem
1235 3092 1332 3145 eodiet.
1350 3095 1370 3146 l.
1392 3095 1419 3146 6.
1425 3092 1465 3162 ff
1481 3094 1512 3148 de
1528 3095 1551 3161 1'.
1567 3093 1624 3162 etj.
1643 3094 1719 3163 erod
1740 3094 1788 3145 boc
1806 3109 1885 3162 porro
1903 3103 2057 3162 erguueuto

365 3180 512 3249 litigetores
531 3177 580 3232 snb
597 3175 751 3230 bominibus
769 3175 823 3248 ipsi
844 3177 899 3230 Deo
925 3177 1075 3247 inspectore
1093 3195 1180 3232 reuees
1205 3175 1212 3236 l
1234 3175 1363 3246 probetur.
1383 3179 1458 3231 Sicut
1476 3187 1567 3231 nuture
1586 3178 1674 3230 orunis
1694 3176 1802 3230 enimeli
1829 3179 1923 3245 cuique
1941 3178 2058 3247 implen-

368 3260 532 3318 rrutinendes
550 3269 702 3330 proponunt
720 3259 739 3311 l.
761 3259 803 3312 tl.
822 3258 1102 3327 e.de1'udt'or't's.edeo
1122 3280 1182 3316 sen·
1235 3262 1314 3327 terit,
1334 3263 1437 3316 neritii
1456 3272 1546 3316 nonest
1565 3275 1609 3316 ent
1635 3263 1748 3330 negliget
1770 3278 1862 3327 suurn,
1881 3262 1918 3314 ite
1936 3281 1994 3315 curn
2015 3265 2055 3316 ci-

368 3357 426 3404 ctrs
446 3348 515 3416 leges
532 3347 684 3411 noluerunt,
703 3360 737 3396 ne
754 3345 806 3398 ulte
825 3345 928 3399 eatinus
946 3344 1060 3411 intuetu
1084 3349 1184 3402 occisio
1234 3345 1324 3398 sitetes
1341 3345 1419 3398 cundi
1439 3357 1465 3398 et
1489 3344 1599 3416 populus
1625 3346 1787 3412 mejestetern
1812 3345 1840 3396 in
1867 3361 1917 3396 uns
1941 3361 2056 3416 persons

368 3430 431 3484 inde
448 3437 579 3484 nuscetur.
595 3429 652 3482 Hes
669 3426 809 3500 prudentie
827 3429 895 3495 juris
914 3431 1015 3480 rorneni
1030 3447 1106 3498 qneru
1127 3451 1182 3503 pro·
1233 3431 1351 3482 reuereri
1369 3439 1551 3499 reperiuntur
1569 3447 1628 3481 curn
1648 3430 1745 3498 priests
1764 3439 1790 3482 et
1808 3427 1909 3499 publice
1930 3433 1998 3483 selus
2010 3433 2056 3484 dc·

366 3511 474 3569 fiteruur
492 3513 694 3584 complectitur,
723 3530 754 3566 eo
784 3508 839 3565 llos
859 3510 942 3575 letes,
960 3512 1073 3566 utcires
1097 3515 1184 3571 riusur
1234 3515 1391 3568 trimentnrn
1411 3511 1832 3584 cepiet,‹loeuiteccuretlus,ex
1851 3531 1901 3582 quo
1920 3523 2057 3567 sternere-

368 3597 509 3652 roncordee
527 3587 553 3650 et
570 3595 731 3666 reipubliese
748 3595 816 3648 selus
835 3602 1030 3664 promoventur.
1044 3594 1129 3665 Super
1141 3599 1183 3652 his
1235 3597 1332 3651 tiunern
1353 3598 1444 3654 bebere
1462 3599 1582 3662 insiluit,
1600 3607 1628 3650 et
1646 3608 1747 3668 prester
1766 3598 1866 3667 sulgnte
1893 3608 2005 3652 sternere
2020 3616 2054 3651 ex

365 3683 507 3754 principiis
522 3683 648 3754 quicquid
667 3691 735 3736 tenet
753 3679 888 3734 funderunt
901 3693 950 3734 eet.
963 3682 1056 3751 Quelie
1069 3700 1097 3736 ee
1111 3687 1184 3754 prin·
1234 3702 1291 3738 usu.
1312 3687 1366 3738 tloo
1384 3686 1412 3738 iu
1432 3701 1538 3738 romene
1559 3681 1690 3753 republice
1715 3681 1911 3751 frequentatum
1931 3682 2053 3748 felicius,

368 3767 438 3837 oipie
454 3784 584 3838 quemque
602 3783 691 3819 eorurn
712 3776 787 3819 tener
806 3764 1009 3834 jurisprudentie
1024 3769 1059 3819 sit
1072 3768 1120 3822 ltec
1139 3769 1182 3821 di·

372 3851 524 3920 eputetione
541 3865 672 3920 exponere
684 3849 787 3903 enimus
806 3859 862 3914 eet,
878 3861 905 3904 et
922 3858 952 3902 ut
970 3850 1109 3906 methodus
1128 3869 1185 3908 eer·

370 3947 453 4000 retur,
472 3955 486 3988 e
503 3930 558 3987 llue
575 3933 734 4004 suspicabor.

403 4017 428 4089 5.
447 4019 473 4071 8.
490 4016 628 4072 iustitium
646 4014 727 4070 llnem
741 4034 798 4073 esse
810 4017 1050 4090 jurisprudentlee,
1063 4022 1181 4090 nemini,

371 4107 416 4173 qui
436 4104 493 4170 jure
521 4114 619 4157 nostre·
632 4103 741 4170 liberis,
760 4105 878 4175 ignotum
899 4119 955 4173 est,
976 4107 1021 4164 sed
1044 4127 1106 4164 nune
1126 4112 1184 4166 uni·

372 4183 482 4237 tesselis
508 4200 570 4236 unrn
597 4185 765 4253 perticuleris
790 4205 821 4240 eo
847 4187 1006 4258 intelligetur
1030 4192 1184 4262 etnbigunt,

367 4286 456 4321 rerum
476 4269 500 4322 si
518 4269 692 4325 universeleut
705 4269 836 4340 justitiam
856 4268 938 4325 fineen
957 4273 1081 4341 liaberet,
1095 4279 1185 4331 omnis

366 4373 430 4424 quse
449 4351 590 4407 secundum
609 4356 679 4424 leges
699 4371 818 4407 romense
836 4357 903 4425 juste
918 4365 981 4410 sunt
998 4357 1115 4427 gentium
1127 4363 1185 4429 jure

367 4449 393 4490 et
413 4441 439 4492 in
459 4438 654 4509 rebnspnlrlicis
671 4440 733 4492 eliis
754 4450 941 4510 reputerontur
958 4443 1063 4512 utem,
1077 4448 1128 4514 leur
1142 4449 1182 4500 in·

366 4518 440 4574 finite
459 4534 532 4587 sunt,
549 4540 615 4594 quse
635 4540 684 4592 pro
701 4523 859 4593 reipublicee
884 4541 1006 4582 romense
1030 4545 1078 4582 neu
1096 4532 1185 4598 juben·

369 4615 429 4670 tur,
447 4619 473 4660 et
498 4608 615 4676 gentiunt
644 4607 711 4676 juris
737 4610 815 4679 plene
840 4627 893 4664 non
918 4623 994 4678 sunt,
1013 4625 1039 4666 et
1057 4612 1119 4668 ltiuc
1136 4633 1186 4670 neo

365 4693 429 4758 juste
448 4693 587 4746 restituere
610 4703 721 4763 possunt
728 4733 738 4760 ,
758 4693 830 4765 (qun
855 4702 941 4747 iernen
968 4713 1020 4750 uno
1039 4700 1183 4766 esreritur,

366 4776 440 4845 qussi
460 4792 598 4828 romerium
617 4777 659 4842 jue
676 4777 820 4848 quioquid,
836 4776 877 4830 oti
896 4776 967 4832 iul're
986 4778 1107 4846 dicetur,
1127 4801 1186 4838 cun·

366 4861 479 4924 rineret,
498 4860 567 4930 quod
586 4860 705 4929 gentiunt
724 4861 774 4929 juri
795 4861 1003 4933 contradiceret)
1014 4862 1111 4920 ideireo
1130 4887 1187 4940 per·

368 4941 503 4995 tienlerern
516 4943 646 5010 justitient
664 4944 886 5014 jurisprudentiee
897 4957 1002 5002 nostres
1014 4947 1095 5005 fineen
1108 4969 1186 5023 igno·

1234 3771 1262 3821 in
1281 3789 1346 3840 que,
1363 3777 1489 3840 quenturu
1508 3769 1578 3836 leges
1596 3765 1673 3819 nobis
1692 3767 1831 3834 speriunt,
1849 3783 1882 3818 ns
1899 3769 1969 3819 eires
1988 3785 2052 3821 sno-

1233 3869 1291 3906 rum
1312 3853 1439 3907 incuriosi
1458 3851 1611 3916 crederent,
1630 3849 1733 3918 publice
1751 3851 1884 3920 tranquilli
1904 3863 2009 3914 essent,
2024 3863 2053 3903 et

1233 3938 1353 4007 erutrlgns
1372 3937 1461 3990 litium
1480 3934 1533 3989 lete
1552 3934 1683 4005 periturns
1704 3933 1819 3988 eisitetis
1837 3935 1944 3986 exordis
1964 3951 2053 4004 empu-

1235 4029 1339 4087 tureut,
1355 4037 1405 4090 qno
1425 4019 1529 4090 publice
1548 4019 1617 4070 relus
1635 4029 1830 4087 promereretur
1837 4055 1845 4081 ,
1858 4029 1943 4071 contre
1962 4018 2055 4086 dispu-

1236 4105 1307 4161 tendi
1320 4107 1447 4159 rationem
1466 4121 1514 4174 pro
1531 4103 1663 4154 conmuni
1677 4101 1793 4154 utilitete
1807 4101 1959 4154 sencietunt
1977 4102 1995 4154 l.
2008 4103 2053 4154 ttt.

1234 4210 1311 4265 eupre
1328 4193 1432 4261 elleget:
1451 4195 1472 4260 5
1491 4188 1562 4259 λβ.
1574 4189 1611 4242 nd
1622 4187 1640 4240 l.
1655 4187 1737 4260 aquil.

1271 4287 1294 4344 t.
1312 4280 1338 4332 6.
1357 4277 1397 4330 Ex
1414 4291 1467 4347 quo
1485 4291 1623 4328 rumenurn
1643 4276 1683 4341 jus
1702 4269 1843 4324 definitum
1862 4269 1930 4340 quud
1949 4283 1991 4322 urs
2013 4287 2053 4323 ee-

1233 4364 1278 4431 qni
1298 4371 1324 4414 et
1343 4361 1405 4414 boni
1425 4361 1459 4412 eit
1480 4358 1498 4410 l.
1514 4354 1582 4424 ¹⁰5·
1594 4358 1619 4410 el.
1625 4373 1652 4428 J
1663 4364 1689 4408 et
1696 4357 1718 4422 y'.
1732 4373 1764 4408 ns
1781 4355 1919 4427 quioqnsrn
1940 4370 2052 4425 eeqnurn

1235 4446 1368 4512 dicerent,
1386 4445 1455 4515 qnod
1481 4441 1600 4515 publices
1625 4443 1664 4493 rei
1686 4439 1784 4493 bonurn
1811 4455 1863 4492 uon
1890 4439 1944 4503 sit,
1969 4453 2055 4509 neque

1235 4544 1322 4587 contre
1340 4532 1437 4587 bonurn
1459 4531 1528 4601 qnod
1552 4529 1674 4600 inlqnuus
1701 4537 1786 4592 esset,
1804 4526 1870 4581 elles
1893 4526 1954 4597 quis
1977 4542 2054 4596 pree·

1235 4619 1404 4688 scriptionem
1420 4615 1567 4686 legitimum
1587 4615 1652 4683 juris
1667 4613 1827 4685 preeeidiunt
1840 4616 1983 4674 resereret,
1997 4609 2052 4661 nisi

1235 4700 1342 4773 publico
1360 4701 1426 4754 bons
1437 4697 1492 4753 eit?
1505 4699 1612 4752 Certum
1630 4699 1719 4761 enine,
1733 4695 1827 4766 siquis
1840 4695 1916 4764 longo
1933 4701 2053 4763 tempore

1237 4803 1265 4839 re
1282 4803 1326 4839 sue
1346 4802 1398 4839 non
1416 4795 1519 4849 utetur,
1540 4782 1758 4853 presseriptionis
1780 4783 1836 4851 jure
1854 4779 1942 4833 eederu
1963 4777 2050 4841 udntr

1236 4885 1283 4922 nec
1301 4870 1357 4921 siue
1376 4870 1493 4929 ratione,
1505 4883 1563 4918 euru
1584 4865 1688 4920 intersit
1708 4862 1820 4935 reipubl.
1838 4877 1925 4916 rerurn
1945 4875 2052 4913 suerunt

1236 4970 1323 5008 curem
1343 4963 1464 5023 gerentes
1484 4951 1579 5006 hebere
1596 4952 1675 5005 eires.
1693 4950 1820 5004 Tbonrss.
1838 4947 1985 5000 flobbesiu
1996 4955 2053 4999 tre·

369 5027 468 5076 scimus
489 5033 610 5091 tentnrn,
628 5046 679 5095 quo
697 5027 767 5082 eires
784 5030 926 5084 secundum
946 5034 1015 5103 leges
1033 5035 1099 5088 letes
1118 5040 1185 5104 iuste
1235 5038 1416 5110 oturugullieo
1436 5038 1564 5092 idiomate
1584 5037 1727 5109 impressus
1739 5037 1771 5092 de
1778 5035 1954 5108 fundument-
1969 5031 2053 5085 scule-

356 5106 842 5181 ,ΨΜ90331166Νθοοδ03ὴοοο6
860 5116 937 5168 serbe
957 5117 1018 5170 lteec
1037 5119 1064 5170 ln
1085 5116 1181 5172 delini·
1236 5135 1285 5178 tut.
1303 5124 1377 5176 civil.
1395 5123 1576 5195 vigitenttbus
1593 5127 1651 5194 jure
1670 5125 1768 5193 scripte
1788 5121 1806 5174 l.
1826 5117 1914 5189 ²⁸·ff·
1933 5136 2004 5190 quere
2022 5117 2052 5170 r‘n

368 5195 439 5248 5⁰⁰⁰
453 5195 486 5246 “b
505 5194 661 5266 ἱιιιΡοηιοη
680 5195 773 5250 'mm'
793 5197 891 5268 '‘lllllfl
905 5217 957 5253 ¹²⁰⁰
970 5202 1182 5275 'lsslsthuirlern
1224 5206 1359 5278 standene
1372 5209 1467 5264 eredit:
1485 5221 1575 5264 contre
1594 5208 1698 5263 desides
1710 5218 1736 5262 et
1749 5207 1789 5260 sui
1807 5205 1873 5274 ioris
1890 5213 2053 5269 contempto-

367 5288 468 5346 prseter
487 5281 670 5333 necessitetrrn
688 5280 809 5335 edhilsite
829 5283 947 5338 tuissent.
967 5284 1032 5340 Nuus
1047 5288 1141 5356 legess
1156 5307 1185 5342 se
1236 5313 1278 5349 res
1296 5295 1400 5350 orliosse
1416 5295 1585 5367 exceptiones
1605 5302 1667 5346 sunt
1683 5293 1827 5362 oppositus.
1842 5288 1863 5339 l.
1882 5289 1908 5338 ³.
1922 5305 1943 5339 e.
1957 5286 1990 5338 ele
2002 5303 2053 5337 nu·

365 5364 430 5416 letus
448 5367 475 5416 in
493 5384 575 5419 unnrn
592 5384 658 5437 opus
677 5377 775 5421 certum
796 5368 917 5438 collegit,
935 5370 997 5424 hnic
1014 5369 1094 5426 finem
1114 5373 1184 5427 dixit
1238 5381 1293 5434 stat.
1310 5391 1410 5450 except.
1429 5381 1533 5449 Quibus
1549 5377 1674 5433 omnibus
1693 5375 1816 5446 requirite
1836 5381 1921 5436 certe,
1941 5386 1975 5423 oe
1991 5372 2052 5438 quis

364 5448 509 5515 justitium,
526 5467 592 5520 quse
616 5469 668 5504 non
693 5469 725 5504 ex
745 5451 805 5506 eliis
829 5455 930 5524 legibus
953 5458 1051 5526 poterit
1071 5459 1186 5530 intelligi
1235 5467 1294 5533 jore
1312 5483 1358 5518 suo
1378 5466 1525 5520 immeritus
1544 5465 1635 5528 cedet,
1654 5477 1762 5533 posuere
1779 5457 1822 5513 dd.
1845 5459 1882 5513 ad
1906 5456 1924 5508 l·
1939 5453 2010 5510 unic.
2029 5467 2051 5504 c·

369 5549 444 5600 quern
464 5534 579 5588 murenis
609 5536 664 5588 nisi
679 5536 820 5607 impertior
832 5551 921 5592 contre
933 5555 959 5592 se
972 5542 1096 5594 statuisse
1110 5561 1184 5613 pree·
1235 5547 1499 5619 deuruenpAruutll

372 5628 497 5672 sumetur.
515 5617 553 5670 lte
572 5629 693 5674 constent
718 5634 742 5675 et
760 5632 880 5694 perpetue
900 5624 1017 5676 soluntes
1042 5624 1150 5691 dicitur,
1164 5627 1181 5680 i.
1272 5641 1293 5698 t.
1313 5635 1338 5686 7.
1361 5634 1400 5688 lte
1424 5651 1457 5686 ue
1480 5633 1538 5688 lites
1561 5645 1724 5688 morerentur
1747 5649 1778 5686 ex
1804 5629 1894 5702 queris
1918 5645 1948 5682 re
1972 5626 2052 5680 lecile

372 5717 394 5773 e,
411 5721 461 5770 que
479 5713 625 5758 ronetenter
647 5715 673 5758 et
691 5717 816 5776 perpetuu
840 5709 904 5761 uelle
927 5709 1018 5768 debent
1043 5711 1184 5768 secundnm
1236 5733 1403 5788 praecauere,
1421 5719 1456 5773 uti
1476 5719 1494 5772 l.
1515 5720 1541 5771 8.
1559 5737 1581 5772 e.
1595 5721 1618 5772 il.
1633 5718 1750 5774 resciret.
1768 5712 1866 5770 uendit.
1887 5722 2051 5779 contrectus,

367 5787 436 5856 ¹²8ss
455 5803 574 5846 ¹⁰ffl²¹¹⁸³
593 5806 666 5843 tuum
684 5791 778 5864 ⁰⁰5th
797 5793 920 5847 tribuere·
1237 5803 1296 5859 licet
1316 5805 1356 5861 rel
1380 5815 1484 5874 emptor
1510 5806 1547 5859 rel
1568 5805 1687 5861 uenditor
1710 5806 1736 5860 in
1759 5804 1844 5878 pretio
1861 5801 2052 5875 eliquentuluru
