4460 6208
278 323 333 380 tte
693 307 741 362 DE
761 303 878 360 titttco
895 303 941 358 ET
960 303 1106 361 ctttntts
1125 297 1319 358 VERSURAE
1336 295 1453 352 Mollis
1809 293 1863 348 nti
1909 351 1914 360 ,

225 425 282 480 sito.
302 421 418 474 Attamen
439 407 463 464 sl
481 403 646 461 banoltsritss
663 405 722 472 qaia
753 402 898 468 flamburgi
928 403 969 453 set
1000 401 1046 468 qui
1098 393 1334 451 nummulariorum
1354 392 1515 460 pertinuere,
1534 382 1601 455 quod
1621 400 1652 437 ss
1669 382 1752 437 seriis
1769 401 1925 440 mattumcn·

226 507 264 560 ιω
283 517 390 576 „pum
410 507 494 556 neret,
511 493 611 560 aliquot
630 486 712 540 millis
735 484 894 536 titulatorum
909 483 937 534 in
950 485 1048 553 specie,
1100 484 1134 526 tis
1156 489 1272 532 aeterum
1292 475 1384 544 probat
1402 473 1546 524 Salmasius
1565 467 1590 520 d.
1609 469 1627 518 i.
1651 470 1683 521 rie
1707 483 1781 522 usur.
1805 486 1835 536 p.
1863 469 1925 566 itti.

225 600 251 644 pe
269 587 375 660 quietam
396 583 470 649 algon
489 577 519 627 in
538 574 638 626 noculo
656 573 764 629 clausos,
782 565 878 619 alicubi
897 567 937 619 sel
967 567 1048 636 hypo·
1100 559 1182 612 seluti
1199 573 1232 610 ex
1250 561 1332 610 aeteri
1350 560 1429 610 Saso.-
1443 555 1635 627 officinatores
1650 562 1927 642 retonatapourartae,

226 675 315 728 phau,
334 667 473 735 obligaret,
490 659 531 714 sel
549 657 689 720 renueret,
709 650 776 704 nint
795 660 881 704 autern
905 647 1049 718 deponenti
1102 641 1286 711 argentariae,
1303 644 1428 688 caesarie.
1445 646 1493 688 sm
1510 654 1541 684 aa
1561 637 1610 684 atta
1631 643 1777 703 ιπιγραφη
1798 641 1837 688 M.
1855 635 1930 702 mpii

225 759 255 812 in
274 765 409 824 comperto
427 745 514 811 lieret,
532 743 578 797 obi
597 740 715 794 nondum
732 745 840 808 apertos
853 734 1050 806 deprehendere
1099 728 1213 784 secundi
1229 722 1407 778 nummularii
1424 717 1556 788 officinae
1574 728 1709 770 monetae.
1731 721 1806 785 Quod
1825 716 1928 772 idsnia·

225 855 342 910 possem,
361 847 459 887 namne
479 826 619 880 secondum
634 834 724 878 statuta
737 819 938 888 hamburgensis
952 833 1051 890 posses·
1100 823 1171 867 ctum
1190 810 1319 878 acolium
1337 809 1417 869 imis
1433 803 1501 874 ΨΜ
1521 803 1624 898 ”illini
1643 803 1749 854 ¹⁵⁰⁰“ii
1768 816 1825 854 ‘¹⁸⁸
1851 817 1928 896 Ψ·

225 921 294 976 soris
312 918 412 990 potiora
432 917 487 980 jora
506 918 701 980 reputarentur,
716 919 813 958 numne
833 903 900 956 mibi
917 904 1052 959 vindicare
1102 899 1255 960 molanum,
1278 896 1329 946 nist
1352 887 1457 960 publica
1469 896 1640 982 '⁸⁰⁰1011111‘i
1652 903 1711 937 ΜΝ
1732 901 1791 938 “¹⁰
1804 879 1930 982 ΨΜ

224 1017 251 1060 pp
268 1004 376 1075 quidm
397 1000 455 1052 ,ιω
473 997 560 1067 presio
579 993 617 1046 tae
634 986 719 1047 torar?
743 989 789 1043 tna
811 987 899 1057 judica
924 1000 1050 1045 statutam
1101 986 1172 1039 saria
1190 979 1351 1034 continebats
1371 972 1556 1044 probattonent
1577 980 1715 1033 monetae,
1737 976 1929 1064 Ι[ιιιιιιιιιιιιιιῗ

224 1091 254 1144 iu
273 1088 322 1142 lton
340 1092 465 1146 cesserat,
482 1081 624 1153 quia'ideo
645 1082 802 1150 possessoris
825 1082 884 1150 jora
902 1089 929 1133 et
953 1093 1049 1131 secun·
1098 1080 1170 1120 tuere
1190 1061 1367 1122 tutilonibittr
1388 1069 1487 1152 'llum‘
1506 1069 1630 1150 ”ml-¹¹⁰⁸
1647 1065 1717 1149 ’1ξῇ
1736 1067 1788 1122 ¹9¹¹
1808 1061 1930 1121 mium

225 1177 288 1228 dum
307 1175 349 1242 jus
367 1169 505 1223 tabenense
523 1176 549 1218 et
570 1165 762 1233 hamburgense
778 1183 830 1218 non
846 1162 999 1234 praevalent
1012 1177 1052 1214 cs·
1100 1151 1228 1206 omuibus
1247 1165 1299 1198 ⁰⁰⁰
1320 1136 1494 1204 tuffiisthmia
1510 1139 1555 1236 ’fii
1575 1155 1604 1234 ¹⁰·
1622 1136 1722 1190 simin
1744 1151 1788 1230 ’ft'
1806 1151 1929 1188 nummu·

224 1275 266 1324 sn,
290 1255 359 1326 quod
378 1269 460 1324 super
478 1251 638 1322 proprietate
656 1249 782 1303 bonowm
801 1249 915 1320 aliquem
941 1246 1053 1302 interro·
1101 1235 1192 1299 ltiio’r
1212 1243 1343 1284 ⁰⁰⁸⁰¹⁰f⁸⁸
1362 1238 1414 1278 ⁶¹⁰·
1442 1225 1659 1320 Ρωὼῑιθῐῑῑωξ
1677 1220 1928 1314 1108011θηῦιῦὓρ

227 1360 289 1414 gare
307 1341 485 1413 probrosnmp
502 1336 548 1407 qni
567 1346 653 1389 autem
670 1335 783 1407 deponit
803 1333 966 1404 simpliciter
985 1331 1050 1388 tret-
1103 1335 1130 1374 ¹⁶
1149 1315 1286 1372 imiimi·
1306 1309 1500 1366 G⁰¹¹⁸⁰⁸'⁶¹⁸⁰i
1517 1322 1615 1377 qutppe
1639 1314 1811 1374 ¹¹1‘istium'
1829 1317 1931 1373 immi·

224 1429 260 1481 lis
278 1437 323 1490 est,
340 1433 367 1476 et
387 1423 475 1475 mione
493 1420 602 1491 publico
620 1425 715 1484 nocet,
732 1420 882 1490 exemplum
910 1418 939 1470 in
965 1434 1053 1472 casnm
1104 1421 1154 1478 pne
1170 1401 1285 1466 r⁰¹¹¹¹⁰⁵s
1304 1415 1395 1453 ΨΜ·
1413 1405 1440 1451 ⁰²
1458 1403 1594 1464 “gemm
1613 1408 1734 1486 ΨΜ
1751 1405 1784 1444 ‘¹
1805 1401 1931 1444 ωηο·

225 1509 333 1572 puppi„
353 1525 431 1580 qum
450 1505 535 1576 prim,
560 1521 590 1558 ω
610 1505 682 1557 ,nim
707 1515 735 1556 οι
759 1503 818 1557 1522,
846 1500 1054 1571 multiplicamur
1103 1491 1264 1544 cetariorum
1284 1484 1315 1536 itt
1334 1478 1457 1534 ot'licioas
1476 1479 1666 1574 nummularios
1689 1472 1804 1539 referre,
1823 1473 1869 1542 qul
1895 1487 1929 1527 es

224 1609 248 1651 et
266 1593 432 1656 commercia,
451 1591 514 1642 dom
535 1603 583 1641 nee
602 1589 741 1658 pignorum
759 1583 836 1651 tides,
855 1585 1053 1657 impediuntur.
1103 1573 1276 1646 impositione
1295 1569 1347 1622 ista
1366 1585 1413 1638 pro
1431 1566 1524 1630 acreiss
1544 1565 1584 1617 *⁸¹
1601 1564 1661 1615 *¹¹¹¹
1680 1561 1784 1658 ”iiim
1803 1573 1836 1611 ‘¹
1849 1557 1930 1657 {⁸⁶⁸¹st

226 1679 303 1733 Unde
321 1678 403 1732 etism
424 1673 571 1727 rectissime
589 1671 696 1725 monuit
722 1669 845 1722 dominos
868 1669 972 1724 Metius
996 1687 1053 1738 sup.
1104 1679 1152 1715 utu
1170 1657 1326 1722 ttudtbffllr
1346 1670 1377 1706 ⁸⁰
1394 1651 1580 1721 &⁰9²⁰le
1600 1648 1661 1700 *⁰¹¹0
1678 1653 1927 1710 ⁷⁶⁰¹⁸⁰⁹s⁸⁰¹¹⁸¹¹·

226 1763 252 1817 d.
269 1763 288 1814 i.
308 1780 335 1812 n.
355 1761 400 1813 18.
417 1756 566 1810 Lubecense
584 1765 709 1808 statutam
724 1771 780 1808 esse
798 1753 966 1810 strictissime
984 1752 1039 1807 acci
1105 1767 1165 1806 tuen
1183 1745 1338 1820 quandoque
1355 1744 1487 1810 exiguum,
1505 1732 1719 1832 quonism'sotidi
1733 1747 1764 1830 es
1777 1726 1932 1800 ubrynnl‘te·

226 1843 364 1917 piendum,
377 1843 429 1896 nee
448 1838 642 1894 extendendum
663 1839 696 1894 ad
715 1857 790 1891 casos
810 1841 885 1891 alios.
911 1839 973 1893 lino
997 1840 1054 1895 loco
1105 1837 1180 1902 bant,
1205 1837 1280 1903 cuins
1305 1846 1359 1882 non
1390 1829 1474 1894 major
1498 1821 1553 1876 iere
1577 1829 1724 1874 sesttsnatto
1752 1832 1780 1868 ιιι
1805 1831 1931 1882 nummo,

226 1943 314 1984 sotem
333 1925 400 1980 lidos
418 1925 522 1997 publica
540 1939 674 1988 screator,
694 1939 741 1977 nec
762 1939 839 1977 ansus
857 1923 911 1977 tuit
929 1921 1055 1979 diffidere
1104 1937 1182 1990 quam
1202 1939 1297 1988 massa,
1315 1916 1348 1970 ad
1368 1915 1517 1988 principem
1536 1906 1645 1971 redibit,
1658 1920 1691 1958 ex
1703 1913 1858 1982 reresutem
1871 1903 1931 1956 nul·

227 2016 370 2083 deponens,
390 2027 453 2079 ergo
470 2019 588 2064 cessante
609 2010 713 2063 ratione
730 2007 833 2076 statuti,
846 2006 915 2081 quod
931 2011 1002 2062 nulla
1015 2009 1053 2063 la·
1107 2013 1161 2065 lum
1181 2010 1370 2082 compendium
1390 2017 1456 2069 *Νὴ
1467 2000 1528 2070 ‘itti'
1546 2011 1579 2049 ⁰¹
1598 2011 1624 2048 ⁵⁸
1643 1991 1788 2064 '‘iiim'‘
1805 1991 1928 2060 limium·

228 2099 315 2151 cilitss
332 2095 461 2166 ltnputari
482 2095 563 2164 possit
581 2092 734 2164 deponenti,
753 2095 865 2147 cessabit
886 2095 973 2164 ipsum
995 2097 1055 2164 jus,
1111 2093 1236 2150 Vendere
1253 2093 1394 2154 dicebam,
1412 2087 1481 2158 qood
1500 2079 1616 2137 romanis
1643 2078 1715 2148 ipsos
1739 2077 1930 2130 nummularios

229 2192 254 2236 et
274 2179 377 2252 patebit
395 2177 538 2250 deponenti
559 2175 718 2237 vindicatio,
733 2177 814 2229 etiem
840 2177 898 2230 sine
922 2176 1057 2230 refusione
1105 2181 1208 2250 argenti
1228 2179 1382 2246 venditores
1401 2189 1491 2227 secare
1509 2169 1650 2222 admodum
1670 2161 1802 2218 familiare
1826 2159 1893 2228 luit,
1912 2163 1931 2214 i·

234 2263 321 2335 pretii.
339 2264 370 2315 ln
391 2270 492 2316 tanturn
512 2261 610 2312 etenim
631 2259 676 2312 bie
701 2255 768 2312 fides
795 2268 925 2324 versatur,
954 2271 983 2314 ot
1009 2279 1058 2315 nec
1107 2267 1187 2328 ιιι.
1203 2253 1638 2316 3.ι.ι1ισοΙιονι.ΕιιιΜιιιιίο

227 2348 386 2402 bracharius
406 2362 485 2417 snper
503 2346 626 2416 qualitate
645 2346 683 2399 sei
703 2343 836 2413 depositae
854 2345 887 2396 ab
905 2344 957 2398 alio
975 2344 1055 2399 inter·

229 2443 330 2502 rogatos
349 2431 509 2502 respondere
528 2431 626 2485 audeat.
643 2429 763 2484 ordinat.
781 2429 886 2483 Hateri.
903 2440 957 2480 art.
971 2431 997 2480 8.
1011 2445 1058 2482 oen
1159 2437 1276 2507 Restare·
1288 2443 1423 2490 meream
1436 2433 1487 2488 arte
1498 2448 1553 2499 per
1564 2440 1707 2498 atramque
1719 2425 1827 2490 metalli,

232 2515 358 2584 pennulae
377 2515 477 2567 ibidem
496 2513 641 2585 depositae,
661 2515 713 2567 nisi
729 2515 862 2584 deponens
876 2511 1003 2568 ielcllerit
1017 2533 1058 2568 es·
1159 2521 1287 2574 Alterum
1301 2529 1327 2572 et
1339 2517 1450 2572 alterius
1463 2529 1566 2582 sernpcr
1578 2510 1693 2567 mutabit
1706 2513 1735 2563 in
1748 2525 1818 2562 usus.

234 2617 324 2674 presse
339 2613 441 2656 arresto
459 2603 603 2668 subjacent,
623 2599 724 2672 dequo
742 2611 795 2654 art·
812 2600 840 2653 d.
867 2600 986 2668 ordinat.
1014 2602 1058 2654 2¹1.

231 2685 284 2742 Sed
304 2686 366 2739 baec
385 2685 418 2739 de
436 2685 529 2739 banco.
1107 2691 1164 2744 iloc
1180 2687 1244 2742 inde
1260 2687 1402 2756 contigisse
1421 2699 1550 2753 angueos,
1566 2681 1637 2753 qnod
1654 2681 1693 2736 sel
1711 2688 1773 2734 ante
1795 2682 1867 2734 ictos
1884 2699 1927 2734 an·

262 2769 328 2836 Η.
347 2767 492 2824 Cambiam
510 2767 578 2838 qood
598 2765 712 2832 attinet,
730 2785 760 2821 ea
788 2777 888 2822 teotom
913 2786 979 2839 qnae
1005 2786 1056 2823 non
1107 2783 1200 2828 curate
1218 2773 1283 2827 adeo
1300 2773 1373 2825 inter
1390 2770 1610 2841 permutationem
1630 2777 1656 2820 ιι
1673 2763 1853 2818 venditionem
1878 2779 1932 2818 non

227 2856 314 2911 nbisis
333 2855 409 2911 obsis
429 2855 472 2908 ltic
491 2854 648 2926 explanabo,
666 2855 801 2926 reliquum
822 2873 864 2908 me
883 2853 914 2908 ad
933 2855 997 2908 alios
1017 2873 1057 2909 re·
1107 2857 1309 2920 distinxerunt,
1328 2855 1363 2908 de
1381 2872 1433 2922 quo
1451 2853 1502 2920 iam
1524 2867 1622 2921 sopra,
1638 2852 1678 2905 sel
1696 2849 1897 2920 negotiationem
1915 2849 1936 2899 i·

228 2941 320 2994 seram:
341 2940 368 2992 id
388 2941 461 2994 enim
481 2941 527 2994 bic
547 2940 704 3005 methodus,
729 2959 779 3011 qua
798 2957 929 2995 versurae
948 2940 1056 3008 modus,
1107 2952 1173 2995 stam
1193 2937 1225 2991 acl
1244 2937 1423 2992 venditionem
1443 2935 1594 3000 retulerint,
1612 2951 1670 2986 cons
1689 2933 1852 3004 argentarius
1870 2949 1937 2984 ιιιιι·

230 3032 331 3078 tanturn
351 3023 483 3077 desiderat
494 3064 504 3092 ,
521 3045 586 3093 qtrae
605 3027 669 3080 ultra
689 3025 870 3090 adducuntur,
890 3035 1059 3097 pertractatae
1108 3041 1154 3096 per
1173 3022 1252 3077 tueris
1268 3023 1399 3087 renuiter,
1418 3021 1464 3091 qui
1484 3036 1617 3084 nummos,
1629 3020 1685 3072 sise
1699 3019 1806 3087 majoris
1819 3019 1874 3073 sise
1887 3019 1936 3070 mi·

230 3110 271 3162 rei
289 3109 390 3162 occasio
410 3108 490 3166 iacit.
517 3112 640 3168 cambire
656 3111 763 3183 quidem
783 3122 808 3165 et
826 3112 967 3167 cambiare
987 3131 1059 3168 aona·
1111 3107 1183 3161 noris
1203 3121 1320 3160 monetae
1338 3105 1495 3168 exhibuerit,
1513 3099 1627 3156 offerens
1640 3101 1769 3172 emptoris
1782 3101 1875 3166 instar,
1886 3104 1937 3170 qui

231 3193 321 3246 bolum
340 3193 419 3246 etlam
439 3195 572 3265 politioris
590 3197 743 3250 literaturae
755 3197 900 3250 auctoribus
913 3215 966 3249 nnn
986 3199 1059 3250 ineo-
1110 3210 1168 3244 suos
1186 3208 1308 3244 nummos
1327 3207 1374 3260 pro
1392 3191 1453 3242 aliis
1477 3185 1564 3252 daret,
1588 3185 1621 3239 de
1643 3204 1695 3255 quo
1719 3186 1772 3237 ritu
1800 3183 1933 3238 fusissime

231 3277 342 3346 gnitum:
361 3294 394 3329 en
409 3295 469 3330 sero
483 3278 645 3331 substantiva
658 3277 733 3343 inde,
744 3278 880 3332 cambium
894 3291 916 3330 et
932 3295 1062 3344 campsnr
1110 3277 1254 3332 Salmasius
1267 3273 1294 3327 ci.
1307 3275 1326 3326 l.
1337 3293 1363 3340 p.
1378 3293 1412 3326 m.
1426 3272 1489 3324 tet.
1501 3282 1528 3326 et
1541 3269 1661 3342 pluribus
1673 3269 1705 3320 de
1724 3278 1839 3322 seierum
1864 3285 1935 3320 ιιιιι·

232 3361 270 3410 ita
287 3376 336 3414 usu
357 3356 488 3422 venerint,
506 3361 576 3413 inter
595 3372 711 3416 caeteros
728 3361 814 3418 Nicol.
830 3359 1018 3415 sat-mansan
1032 3367 1061 3417 r'a
1112 3359 1202 3413 ntentt
1223 3358 1308 3411 modis
1319 3359 1377 3411 sid.
1389 3355 1504 3412 Resard.
1517 3355 1562 3410 iii.
1576 3369 1635 3406 var.
1648 3351 1706 3405 lect.
1726 3369 1751 3405 e.
1772 3353 1816 3405 18.
1842 3353 1932 3424 Sigon.

232 3443 302 3510 disp.
321 3443 436 3497 solemn.
454 3445 487 3498 de
507 3445 630 3508 cambiis,
650 3449 687 3498 tls.
710 3449 735 3497 1.
754 3445 868 3497 dubitat.
879 3448 977 3499 Verum
992 3449 1061 3517 quod
1111 3446 1144 3497 de
1157 3443 1285 3514 antiquit.
1292 3443 1319 3517 j·
1333 3461 1402 3496 rom.
1413 3442 1433 3495 i.
1446 3443 1504 3496 2c.
1519 3443 1562 3494 11.

232 3526 430 3597 eosignil'taatn
449 3528 556 3596 eedem,
585 3539 663 3600 prout
688 3545 757 3582 nune
784 3539 863 3594 suot,
882 3546 934 3582 non
954 3548 1062 3599 agnava.
1148 3523 1173 3598 ᾗ.
1190 3528 1216 3578 ’1.
1235 3525 1282 3577 Ast
1300 3525 1412 3587 mathie,
1430 3523 1499 3594 qnod
1518 3523 1578 3577 aliis
1595 3519 1709 3586 artibus,
1727 3537 1794 3592 quse
1812 3519 1937 3575 exindo·

232 3611 302 3677 rint,
328 3610 407 3666 icelle
436 3613 548 3682 largior,
575 3630 634 3668 cum
661 3615 750 3684 ipsum
777 3623 936 3666 contractum
964 3616 1062 3668 cambii
1113 3615 1180 3663 stria
1199 3618 1226 3663 ct
1244 3625 1291 3663 usu
1311 3611 1506 3662 incrementum
1524 3609 1652 3676 capiunt,
1678 3622 1725 3657 nco
1751 3605 1840 3657 senit.
1867 3603 1934 3657 Cum

233 3696 283 3749 lsoc
309 3695 387 3748 morlo
413 3697 607 3764 ignoraverint.
634 3699 710 3768 Quod
742 3713 802 3750 sero
829 3696 961 3750 carubium
992 3698 1061 3752 ltsnd
1114 3711 1166 3746 non
1185 3696 1212 3746 in
1233 3695 1320 3764 prima
1346 3693 1497 3747 substiterit
1525 3693 1644 3760 origine,
1670 3707 1720 3760 qua
1747 3687 1851 3741 nnmmi
1877 3705 1939 3740 cum

232 3779 467 3848 permutationem,
487 3798 635 3854 campsores
655 3793 740 3834 autem
763 3792 953 3852 permutatores
981 3786 1063 3838 deon·
1115 3779 1234 3834 nummis
1253 3779 1434 3844 mutabantur,
1452 3777 1534 3833 seluti
1553 3778 1586 3829 de
1604 3793 1681 3830 mano
1701 3778 1730 3828 in
1750 3793 1874 3828 manum:
1892 3771 1940 3827 sed

234 3861 321 3928 taric,
346 3861 389 3918 six
414 3862 526 3934 probare
556 3866 625 3920 erit.
654 3865 812 3936 Neutiquam
843 3865 945 3918 obicem
966 3876 1069 3938 ponet,
1116 3865 1144 3916 io
1164 3873 1325 3920 mercaturae
1344 3875 1370 3918 et
1387 3863 1606 3917 commerciorum
1625 3859 1939 3914 eommotlurnatiosmo·

233 3946 304 4015 quod
330 3948 460 4001 recentior
484 3947 602 4001 latinitas
626 3947 719 4002 iisdem
741 3967 785 4002 usa
805 3947 983 4018 frequentius,
1003 3968 1062 4002 nam
1115 3947 1163 4001 dus
1181 3946 1232 4001 luit
1251 3948 1424 4014 aeliusentos,
1442 3965 1494 4016 qno
1513 3946 1636 4015 pecunias
1654 3944 1790 3997 literarum
1809 3941 1940 3996 beneficio

233 4029 271 4082 its
299 4029 394 4097 gradus
418 4029 492 4095 erit,
521 4047 570 4083 nee
603 4031 792 4084 vetustioribus
811 4031 874 4084 inde
900 4029 1065 4085 affricabitur
1116 4031 1192 4086 tacite
1209 4033 1259 4086 alio
1278 4048 1432 4102 promovere
1450 4032 1562 4095 caleam,
1581 4041 1606 4083 et
1623 4031 1722 4081 esitare
1741 4027 1939 4084 transseetionis

234 4113 398 4182 ignorantia.
424 4113 465 4167 lta
487 4115 588 4184 qnippe
611 4115 742 4180 elegentes
768 4114 911 4167 Salmasius
934 4114 967 4168 de
992 4133 1066 4169 usar.
1114 4125 1167 4168 tom
1187 4116 1345 4184 pericolum,
1365 4125 1419 4166 tum
1440 4113 1554 4166 laborem
1573 4120 1600 4164 et
1619 4109 1942 4180 taeniamdeqoascm·

232 4213 262 4263 p.
282 4213 316 4246 m.
336 4195 399 4246 ntn.
417 4213 579 4262 campsores
596 4196 644 4248 vel
661 4196 843 4249 cambiatores
860 4213 953 4250 recens
971 4195 1063 4252 latini·
1114 4197 1153 4251 eia
1166 4198 1229 4270 jam
1247 4198 1274 4251 d.
1292 4197 1347 4268 ep.
1367 4214 1402 4247 m.
1422 4195 1483 4248 128.
1503 4215 1530 4250 n.
1545 4198 1572 4248 e.
1588 4204 1615 4248 et
1632 4197 1658 4247 ⁵1.
1677 4193 1711 4247 Et
1729 4193 1827 4247 deinde
1845 4195 1940 4247 tertios

235 4281 276 4333 tas
294 4277 373 4343 erate,
392 4280 458 4332 satir
475 4282 562 4342 prisco
582 4291 677 4335 tamen
695 4279 835 4333 vocabalo.
849 4279 953 4333 Cimbii
965 4283 1064 4348 etenim
1115 4281 1233 4348 adjectus
1251 4279 1279 4332 in
1306 4278 1514 4348 negotiationem
1540 4277 1706 4332 lucratoriarn
1732 4276 1765 4329 sd
1791 4275 1942 4332 iaciendum

237 4364 389 4420 vocabulum
409 4363 540 4418 veteribus
560 4363 659 4428 triplici
679 4363 844 4418 denotatione
861 4363 964 4418 senisse
982 4385 1063 4437 apps-
1114 4373 1261 4432 quaestam,
1279 4361 1408 4430 eiusmodi
1428 4363 1578 4434 exemplum
1605 4363 1695 4416 sidere
1718 4370 1757 4415 est
1783 4364 1850 4433 apud
1870 4381 1942 4416 ettttt·
2053 4389 2059 4402 ι

237 4457 287 4510 ιιι,
306 4449 332 4498 1.
352 4463 399 4516 pro
419 4447 557 4510 mutatione
575 4463 664 4499 rerum
684 4463 732 4517 pro
746 4445 1064 4520 rebus,qnamsoceptio·
1114 4447 1174 4500 dem
1192 4447 1295 4502 Sernota
1313 4463 1342 4514 p.
1361 4465 1397 4500 ns.
1417 4449 1479 4500 119.
1497 4465 1527 4502 n.
1544 4448 1589 4502 et.
1617 4447 1665 4500 tttt
1684 4447 1822 4500 Genucosi
1840 4449 1942 4520 aliquot

237 4548 297 4584 nem
317 4532 369 4583 sota
390 4530 550 4601 permutatio
577 4530 704 4582 retinuit.
733 4529 759 4582 2.
786 4546 837 4601 pro
871 4531 1063 4600 permutatione
1115 4540 1181 4584 sent.
1199 4534 1282 4586 millia
1301 4548 1386 4604 neque
1405 4544 1563 4586 mercaturae
1581 4548 1629 4586 nee
1648 4533 1778 4602 emptioni
1804 4531 1941 4586 stabilium

237 4631 324 4668 rerum
345 4631 393 4683 pro
412 4612 529 4684 pecunia,
546 4611 790 4684 quamemptionis
804 4622 831 4666 et
842 4615 1005 4668 venditionis
1018 4632 1064 4668 oo·
1116 4615 1272 4687 impendere
1290 4619 1398 4672 animus
1415 4628 1461 4679 est,
1481 4615 1526 4670 sed
1546 4633 1579 4670 ne
1597 4613 1683 4670 fructu
1702 4613 1827 4686 pecuniae
1838 4628 1941 4680 careat,

238 4716 299 4751 men
319 4696 418 4750 induit.
437 4695 463 4748 3.
484 4709 534 4766 pro
554 4695 700 4749 mutatione
721 4696 845 4768 pecuniae
862 4711 924 4750 cum
944 4698 1063 4766 pecnnia,
1113 4700 1218 4757 cambio
1235 4719 1283 4773 pro
1302 4701 1434 4756 nondinis
1453 4699 1600 4755 Placentiae
1616 4700 1661 4753 dat
1679 4699 1726 4752 bae
1740 4699 1901 4765 conditione,
1916 4711 1945 4754 ut

238 4785 278 4836 cui
298 4783 353 4837 sols
371 4779 472 4835 cambii
490 4799 587 4836 nornen
606 4782 743 4835 remansit.
762 4779 840 4851 Quod
862 4779 948 4834 iusios
966 4781 1067 4836 indicat
1114 4801 1146 4836 es
1165 4785 1222 4842 loro
1241 4787 1391 4840 Placentiae
1409 4803 1460 4855 pro
1476 4801 1554 4838 curan
1573 4783 1671 4836 ibidem
1691 4785 1795 4837 cambio
1817 4784 1942 4852 imposito

239 4870 343 4923 Stracca
361 4865 393 4920 de
411 4883 556 4919 commerc-
572 4881 601 4934 ρ.
622 4883 658 4919 m.
674 4864 773 4917 tctm.
789 4865 816 4916 2.
834 4863 924 4934 ipsum
942 4881 1003 4919 sero
1016 4866 1064 4918 boc
1114 4885 1172 4922 corn
1193 4889 1260 4926 noso
1285 4869 1390 4924 cambio
1407 4869 1439 4922 ad
1458 4869 1540 4922 alium
1559 4868 1654 4930 locum,
1669 4868 1708 4920 ret
1721 4867 1804 4919 etism
1824 4867 1944 4920 Genuam

237 4949 389 5020 aigoilicatu
408 4949 540 5004 cambium
568 4960 657 5003 natura
677 4949 776 5017 parites
794 4957 818 5000 ιι
836 4943 945 5000 modos
963 4950 1063 5002 nostris
1114 4953 1295 5008 remittantur.
1308 4955 1368 5024 Quo
1381 4954 1550 5024 potissimum
1563 4961 1685 5022 respectu
1697 4967 1826 5004 versurae
1839 4951 1942 5018 modu,

240 5035 358 5090 moribus
377 5042 481 5104 recepto
499 5032 612 5086 moltont
630 5032 735 5086 differt·
760 5030 879 5087 Primum
898 5030 995 5102 quippe
1013 5032 1063 5084 nti·
1114 5037 1177 5102 erit,
1189 5049 1216 5090 et
1229 5037 1382 5093 tractationi
1398 5055 1470 5092 meae
1484 5035 1656 5090 conveniens.

238 5119 351 5173 notioris
371 5129 489 5172 monetae
506 5131 674 5168 nummorum
694 5111 882 5182 indigentieac
899 5111 1064 5167 disersime·
1150 5128 1172 5184 ς,
1192 5122 1218 5174 Β.
1242 5122 1456 5192 Deaeeiptianem
1482 5119 1597 5181 eambir',
1626 5134 1677 5186 qna
1695 5132 1828 5170 versurae
1847 5113 1943 5170 matlus

238 5203 293 5256 tslli
314 5217 436 5255 nominos
454 5199 591 5268 indigenas
608 5217 667 5252 eum
687 5199 786 5252 exteris
803 5195 836 5250 ad
855 5197 1062 5252 commodiorem
1112 5201 1162 5256 boc
1179 5205 1354 5258 terminorum
1374 5219 1443 5256 oesu
1461 5201 1558 5255 elfere:
1574 5199 1646 5272 quod
1664 5199 1700 5252 ait
1716 5209 1875 5253 contractus
1893 5218 1941 5256 on·

237 5286 439 5355 negotiationem
459 5281 577 5338 mutandi
595 5286 737 5338 necessitas
755 5279 915 5348 introdusit,
929 5283 998 5340 noda
1011 5304 1062 5357 po·
1114 5287 1229 5341 minatus
1246 5288 1426 5342 conaemnatis
1443 5287 1501 5353 jure
1517 5287 1637 5354 gentium
1659 5282 1759 5336 ttoriter
1777 5281 1805 5334 io
1826 5298 1945 5336 eommo-

236 5369 306 5424 blica
324 5370 477 5424 anctoritate
494 5365 726 5431 constituebantur,
742 5367 829 5438 quiin
848 5365 955 5439 publico
973 5386 1004 5423 eo
1016 5388 1062 5424 no·
1113 5367 1217 5425 dioresn
1236 5369 1423 5440 negotiationis
1441 5386 1517 5423 nsum
1536 5367 1718 5432 introductus,
1738 5365 1819 5420 dendi
1838 5376 1866 5420 et
1885 5367 1944 5420 red·

239 5455 311 5508 mine
331 5467 440 5507 mensas
457 5452 490 5504 de
508 5449 605 5522 quibus
622 5453 675 5520 jam
694 5467 782 5522 supra,
801 5450 976 5507 exercebant.
1000 5451 1062 5508 Non
1112 5453 1192 5509 dandi
1212 5454 1375 5514 tantumdem
1395 5457 1521 5527 pecuniae
1541 5464 1659 5524 tempore
1676 5451 1807 5506 destinato
1828 5451 1944 5508 dirersis

237 5535 299 5590 dico
316 5533 458 5608 officinas,
476 5551 519 5588 ese
538 5535 672 5588 etenima
697 5553 786 5590 mensa
812 5536 971 5592 differebant
997 5541 1063 5594 mul·
1118 5541 1146 5596 in
1168 5543 1241 5608 locis,
1260 5551 1289 5596 nt
1307 5543 1408 5596 licitum
1428 5540 1491 5594 inde
1509 5539 1831 5610 lncrumineampsorem
1848 5539 1943 5592 redon·

238 5628 305 5675 ttsros
327 5637 415 5674 meost
435 5619 506 5672 enlm
525 5628 582 5671 erat
601 5618 688 5688 ipsunt
708 5617 835 5687 meeum,
853 5621 895 5675 cni
914 5621 1063 5678 insidebant
1113 5621 1169 5680 det.
1183 5623 1298 5680 Generis
1315 5627 1399 5679 locum
1417 5632 1565 5678 eontrnntos
1597 5623 1753 5676 nominatus
1779 5623 1861 5686 subit,
1886 5623 1946 5676 reti·

239 5713 266 5757 et
283 5702 438 5758 exercebsnt
456 5697 711 5760 cambis.0ffieinae
729 5723 789 5760 sern
806 5705 871 5762 is'tae
886 5705 919 5762 ad
938 5707 1065 5768 lentitiam
1113 5726 1194 5781 quom
1213 5707 1361 5767 differentia
1398 5703 1522 5782 specilica
1538 5727 1553 5763 ι
1571 5723 1646 5764 ιιιιι
1663 5705 1808 5776 eliciente,
1824 5707 1943 5776 objecto,
