4374 6216
213 301 249 360 bb
561 304 610 360 DE
626 299 888 360 utsuntconutt
908 301 1176 360 turturusttvt
1195 301 1344 363 tutum]
1361 323 1421 366 arc.
1747 323 1784 381 ω

156 405 262 457 Parent
272 419 291 455 a
303 398 486 454 misericordia
496 397 681 466 intempestiua
692 402 798 463 absunt,
812 404 862 472 qni
870 400 973 473 promi·

190 483 388 539 rcueomnibus
408 485 624 538 mendicantibus
648 486 742 553 stipem
765 485 914 556 colligendi
929 501 974 538 cc·

191 569 265 636 piam
282 568 443 632 eoncedmt,
463 588 491 620 ιι.
510 570 553 624 bb.

156 649 361 707 Feciteamin
381 669 438 705 rem
457 654 475 704 Ι.
493 671 539 706 on.
557 671 579 706 e.
609 651 643 707 de
674 652 787 708 mendic.
817 654 899 710 ralid.
928 671 977 710 nu·

192 751 255 790 mer.
266 735 310 788 66.

157 819 296 885 Derogare
313 815 421 884 aalma
438 815 485 870 isti
501 817 555 891 legi
572 821 683 877 ridetur.
701 839 729 874 n.
746 823 791 874 80.
816 841 844 875 e.
867 821 894 873 b.
922 822 976 876 Sed

190 905 252 958 inde
269 919 341 956 onus
359 903 387 956 in
404 903 541 973 publicum
560 925 615 962 uon
634 907 830 964 aeeotsetssur.
848 927 877 961 ιι.
895 909 937 961 tt.

157 986 293 1056 Augesstiai
312 987 392 1040 rerba
410 987 439 1040 in
459 1007 517 1040 eam
534 1007 600 1043 resn.
619 1011 647 1047 ιι.
661 993 705 1044 tte.

157 1070 346 1128 blendicantes
363 1081 390 1126 et
405 1072 514 1144 publico
533 1087 559 1130 et
574 1078 745 1145 priuatorum
762 1076 876 1148 singulis
894 1079 976 1133 oneri

191 1165 260 1207 snnt.
277 1173 308 1207 ιι.
325 1155 369 1208 tt.

159 1239 336 1308 tragurium
353 1239 536 1312 intempestive
555 1242 707 1298 misericors
725 1255 782 1308 est,
801 1243 850 1317 pni
874 1245 973 1302 liberos

196 1324 319 1392 relinquit
334 1324 392 1378 tuis
408 1329 566 1394 parentibus
583 1331 809 1385 mendicantibus.
829 1351 856 1386 n.
874 1335 918 1386 60.

159 1409 233 1462 Deua
243 1409 297 1472 epte
308 1409 336 1461 in
350 1409 452 1479 republ,
466 1409 646 1465 israelitarum
660 1415 740 1468 vetuit
748 1455 757 1482 ,
776 1433 811 1470 ne
830 1414 971 1472 mendicus

190 1493 360 1561 reperiretur
372 1492 400 1546 in
411 1497 519 1561 populo.
533 1515 562 1548 ιι.
573 1499 618 1549 61.

155 1581 227 1633 Hine
242 1577 398 1649 corruptela
411 1579 521 1651 reipubl.
534 1581 674 1637 hebraicae
686 1583 814 1638 tribuitur
830 1602 847 1638 a
866 1584 972 1655 ouibus-

190 1661 273 1724 dam,
291 1675 352 1712 eum
366 1661 444 1713 multi
467 1662 586 1714 mendici
608 1664 795 1733 reperirentur
805 1664 893 1737 juata
912 1665 973 1718 vias

188 1742 418 1814 temporecltristi.
437 1761 464 1794 n.
483 1745 527 1797 68.

1028 401 1178 456 Ordinatio
1193 411 1284 458 tomen
1296 422 1387 475 poena
1401 407 1559 478 bomicidii,
1581 414 1647 470 talis
1659 415 1786 478 minister
1802 441 1843 480 re-

1058 487 1191 556 gulariter
1207 485 1290 561 affici
1306 491 1408 562 nequit.
1426 510 1453 545 ιι.
1472 495 1516 545 86.

1025 571 1183 624 tttussmsur
1199 574 1284 626 lacus.
1303 573 1328 624 8.
1349 574 1462 628 serenet.
1483 581 1508 630 1.
1525 597 1553 631 ιι.
1572 581 1617 634 87.

1026 655 1214 726 Intempestive
1227 657 1377 712 misericors
1388 671 1443 726 est,
1470 662 1519 732 qui
1541 665 1683 722 dominum
1705 687 1784 728 susim
1803 685 1842 729 u.

1059 751 1111 804 tus,
1132 739 1314 794 misericordia
1326 742 1423 796 ductus
1436 745 1602 802 adulterium
1621 757 1765 810 committit
1782 777 1844 812 curn

1060 841 1148 879 acore
1165 825 1333 896 injuriantis.
1352 845 1378 880 n.
1397 830 1442 882 88.

1027 909 1121 961 Gladii
1132 928 1252 978 poenam
1265 914 1337 965 enim
1350 914 1431 967 babet
1444 915 1616 974 adulterium.
1628 941 1656 975 n.
1670 925 1719 976 89.

1024 994 1080 1048 Nec
1099 993 1136 1044 ad
1152 994 1244 1065 turpia
1257 996 1339 1070 facta
1357 999 1505 1055 domestica
1523 1003 1667 1077 dissiprlina
1680 1011 1842 1068 retenditur.

1059 1093 1087 1127 n.
1105 1076 1149 1128 90.

1024 1161 1070 1212 Au
1084 1160 1214 1216 dominns
1226 1165 1458 1230 mandonrservo
1472 1185 1522 1223 sno
1537 1169 1704 1228 adulterium
1725 1196 1788 1231 rum
1803 1179 1844 1232 al·

1058 1243 1141 1297 terius
1158 1263 1248 1302 neore
1262 1249 1415 1314 plectendus
1427 1253 1536 1316 capite?
1553 1273 1579 1307 n.
1598 1259 1642 1309 91.

1025 1327 1196 1398 Affirmatur
1208 1346 1268 1382 cum
1285 1332 1370 1385 baton
1385 1335 1480 1385 Matth.
1496 1353 1523 1388 n.
1536 1338 1580 1390 98.
1597 1341 1641 1392 93.

1025 1411 1079 1478 Qui
1089 1413 1197 1464 alienos
1208 1429 1298 1466 sarcos
1310 1415 1441 1479 liberant,
1457 1419 1503 1470 trel
1519 1421 1553 1472 iis
1571 1435 1695 1478 auctores
1713 1439 1795 1494 ssent,
1815 1439 1846 1483 nt

1055 1513 1083 1546 se
1100 1497 1266 1560 subducant,
1280 1501 1314 1553 ob
1336 1501 1548 1574 intempestivam
1570 1509 1782 1567 misericordiam
1802 1527 1841 1569 te·

1057 1589 1165 1631 nentur.
1184 1597 1210 1633 ιι.
1231 1579 1274 1630 st.

1025 1661 1079 1731 Qui
1093 1664 1193 1796 pp'gtote
1210 1666 1306 1721 dactus
1322 1668 1405 1724 alicui
1427 1673 1586 1742 cuccurrit,
1610 1676 1765 1736 laudandus
1796 1693 1843 1738 est.

1057 1763 1085 1798 n.
1143 1785 1149 1796 .

156 1829 364 1899 intempestiuae
379 1828 580 1883 misericordiae
601 1827 739 1898 debemus,
756 1833 830 1902 pund
850 1834 887 1886 ad
909 1852 970 1905 ope·
1020 1828 1124 1883 tedes
1137 1829 1228 1884 alieno
1243 1831 1419 1889 incommodo
1444 1837 1551 1892 laudem
1578 1841 1782 1902 misericordiae
1795 1867 1840 1902 ca·

188 1928 249 1966 runs
267 1916 451 1981 antiquorum
471 1913 698 1985 magnificentiam
715 1917 866 1988 posteriora
879 1920 970 1974 secula

190 2013 242 2048 uon
253 1999 435 2067 pervenerint·
451 2015 478 2049 ιι.
493 1999 540 2064 63,

159 2081 354 2134 Testimonium
371 2081 514 2150 Baebeqnii
536 2103 564 2134 ιι.
583 2085 629 2138 bl.

154 2173 181 2221 A
197 2165 370 2233 generalibus
390 2169 579 2223 transiuerant
597 2171 733 2236 specialia.
752 2189 779 2226 n·
799 2173 842 2228 tt.

156 2251 300 2319 Quomodo
319 2252 380 2321 puis
398 2253 581 2322 intempestive
600 2255 752 2328 misericors
763 2257 912 2323 essepossit
927 2261 968 2311 in·

187 2335 261 2390 tnitu
277 2335 533 2406 propiificmulitis',
553 2338 581 2390 in
600 2338 685 2404 specie
710 2340 818 2393 ratione
826 2339 967 2409 firnaca·

1054 1923 1134 1979 ptars
1153 1931 1232 1968 nemo
1252 1916 1339 1972 boniet
1357 1919 1439 1974 debet.
1461 1941 1489 1975 ιι.
1508 1924 1552 1978 96.

1022 1997 1186 2064 Explicatur
1202 2002 1219 2052 l.
1238 2002 1264 2054 7.
1283 2019 1328 2072 ps.
1345 2001 1377 2054 ii.
1397 2006 1512 2076 depositi
1533 2011 1553 2061 l.
1572 2011 1598 2062 7.
1615 2019 1637 2075 ς.
1656 2015 1680 2066 t.
1693 2015 1722 2067 li.
1736 2015 1768 2070 de
1780 2015 1839 2074 dolo

1058 2087 1135 2139 melo·
1155 2107 1183 2141 n.
1203 2088 1248 2141 97.

1018 2169 1049 2222 Si
1058 2188 1208 2228 seruumea
1221 2171 1378 2230 conditione
1390 2175 1533 2243 uenditum,
1546 2189 1576 2233 ut
1587 2181 1686 2234 durius
1699 2183 1841 2252 habeatur,

1054 2267 1160 2322 emptor
1176 2257 1263 2312 lenius
1280 2268 1420 2323 tractaret,
1439 2263 1563 2318 venditor
1580 2265 1685 2318 nullam
1704 2269 1840 2324 actionem

1055 2339 1143 2392 babet.
1162 2357 1189 2391 n.
1209 2340 1256 2393 98.

188 2421 312 2486 riorum,
330 2420 389 2490 'qui
416 2420 594 2476 somniculosi
626 2422 806 2501 negligentius
837 2436 971 2481 curarunt
1019 2423 1082 2474 Nisi
1094 2424 1154 2477 ideo
1169 2423 1274 2478 minori
1281 2423 1371 2496 pretio
1385 2443 1446 2480 eum
1462 2429 1636 2487 uendidisset.
1657 2453 1686 2490 ιι.
1705 2435 1750 2488 90.

185 2511 286 2578 ignem.
298 2525 326 2557 n.
337 2505 381 2558 66.

151 2587 266 2644 Asserti
277 2591 358 2640 ratio·
374 2605 402 2642 n.
418 2589 464 2642 67.

150 2677 206 2729 lieo
224 2675 535 2742 examiminatum,
552 2676 579 2730 ti
594 2675 757 2731 correxisset
775 2675 968 2748 negligentem,

184 2759 379 2831 negligentiam
393 2771 485 2816 autem
499 2761 703 2817 continuantem
723 2761 753 2816 in
776 2761 883 2818 servitio
902 2762 967 2818 reti·

183 2846 295 2898 nuisset.
316 2865 344 2898 n·
363 2845 409 2898 68.

149 2931 242 2983 Catus
257 2929 285 2980 in
298 2927 468 2980 terminium
482 2929 527 2989 bu,

148 3011 316 3080 Sssssmulus
329 3012 371 3065 sel
381 3012 523 3078 operarius
547 3009 696 3067 corrdttctut
720 3013 836 3067 durante
860 3017 968 3072 seruitio

183 3107 233 3150 aest
246 3113 340 3164 opere,
350 3113 437 3166 grave
448 3100 577 3151 damnum
602 3097 770 3160 incurreret.
788 3100 914 3154 dominus
933 3103 972 3156 ad

181 3185 325 3244 impensos
343 3181 464 3234 medicas
482 3199 538 3233 nort
558 3191 668 3234 tenetur.
688 3201 715 3233 n.
734 3183 779 3235 70.

147 3266 203 3318 liec
216 3263 260 3318 ad
275 3266 333 3336 ejus
346 3267 476 3335 temporit
489 3265 648 3331 mercedem,
662 3264 716 3318 nui
731 3273 833 3337 tempus
842 3267 877 3320 sit
887 3267 970 3323 modi-

181 3367 256 3401 cum.
270 3369 297 3402 n·
312 3350 357 3401 71.

105 3485 112 3495 ,
146 3433 371 3495 intempestivam
386 3428 700 3487 misericordiamautem
721 3451 776 3487 non
794 3432 929 3495 incurrit,
947 3433 972 3484 si

186 3515 325 3568 tirmulum
340 3513 500 3582 aliossrugi
509 3512 709 3570 decumbentem
723 3518 821 3579 aleret,
842 3527 868 3570 et
887 3519 958 3572 medi

183 3611 312 3653 cementa
330 3599 357 3652 ei
369 3597 521 3666 largiretur.
535 3601 602 3653 Cum
616 3601 688 3654 alias
707 3601 788 3655 etiam
804 3601 841 3656 ad
851 3601 882 3654 id
892 3603 970 3658 bonis

185 3686 276 3738 modis
288 3682 454 3738 inducendus
465 3701 482 3734 a
491 3681 588 3751 judice.
603 3701 628 3736 n.
641 3685 685 3734 78.

147 3767 178 3818 Si
190 3768 369 3834 magistratus
382 3764 513 3819 habendis
524 3765 608 3819 serris
628 3777 730 3820 certam
743 3768 828 3838 legem
846 3773 967 3843 scripsis-

184 3861 234 3916 set,
248 3851 345 3918 aliquis
356 3859 447 3904 autem
460 3849 563 3904 lautius
572 3849 684 3906 baberet
696 3868 801 3908 serrum
815 3871 911 3925 suum,
931 3875 966 3923 on

181 3932 368 3990 animadcerti
380 3932 409 3985 irs
421 3951 482 3987 eum
492 3931 602 4006 posseti
624 3955 651 3989 n.
672 3937 717 3988 73.

145 4017 279 4073 Adducta
292 4020 400 4071 ratione
411 4017 575 4082 dubitandi,
598 4021 723 4088 quaestio
744 4019 879 4075 deciditur
889 4019 969 4093 asfir·

181 4099 299 4154 mutire.
312 4119 340 4152 n.
353 4101 398 4153 tt.

147 4181 261 4235 Asserti
274 4183 355 4236 meio.
368 4203 396 4236 n.
404 4183 451 4236 at.

147 4268 221 4322 Ciris
233 4280 325 4323 autem
336 4282 478 4338 gravatum
491 4271 650 4325 sesentiens
662 4270 715 4326 ista
726 4273 969 4342 animadcertione,

181 4354 324 4424 appellare
334 4363 430 4422 potest.
448 4375 475 4408 n.
493 4355 537 4407 76.

144 4435 339 4507 despondetur
349 4438 459 4491 rationi
466 4437 613 4493 dubitandi.
623 4433 657 4494 n·
670 4441 707 4494 77

145 4523 302 4574 Dominum
309 4521 376 4594 jure
387 4521 545 4575 domesticae
559 4523 718 4591 disciplinae
732 4525 880 4590 munitum,
897 4527 923 4581 si
940 4529 969 4580 in

179 4623 290 4660 servum
320 4607 339 4658 l.
358 4603 504 4675 famulum
533 4609 741 4672 animadvertat,
769 4607 903 4664 crudelem
921 4621 969 4666 aut

181 4688 425 4742 immisericordem
438 4689 494 4743 dici
502 4708 558 4744 non
568 4705 655 4760 poste,
668 4709 733 4748 casu
745 4691 835 4766 aliquo
848 4693 967 4748 illustra·

182 4779 235 4822 tur.
255 4787 285 4822 ιι.
304 4771 348 4821 78.

146 4855 339 4920 despondetur
349 4853 455 4907 rationi
465 4855 617 4910 dubitandi.
631 4875 659 4910 ιι.
674 4857 718 4910 79.

142 4935 287 4992 Sententia
305 4939 399 4991 tteett.
418 4957 446 4992 ιι.
466 4941 510 4992 80.

152 5020 349 5077 stansitusad
359 5023 482 5078 ultimum
496 5025 643 5078 membrum
665 5025 747 5097 liujus
770 5023 866 5094 capitis
875 5061 883 5088 ,
903 5043 966 5094 puo-

183 5105 267 5159 modo
297 5106 356 5160 scil.
375 5111 477 5163 servas
501 5125 565 5179 erga
589 5109 731 5163 dominum
755 5108 967 5172 intempestiuum

181 5188 396 5244 misericordiam
407 5191 545 5247 incurrere
556 5191 664 5260 possit?
676 5211 702 5244 n.
716 5193 761 5245 81.

145 5277 340 5341 intempestiue
365 5277 516 5333 misericors
538 5289 592 5344 est,
618 5279 667 5349 qui
687 5277 827 5331 dominum
844 5275 968 5346 grauiter

183 5359 381 5427 vulneratum,
401 5362 436 5414 ab
454 5379 486 5416 eo
498 5375 609 5433 rogatus
621 5361 773 5418 exanimet.
785 5379 809 5412 ιι.
824 5362 868 5412 88.

146 5445 257 5498 Assesti
268 5447 347 5499 rats'o.
362 5465 388 5498 ιι.
402 5439 458 5498 83.Ι

143 5527 470 5593 Addueiturecemplum
485 5531 676 5598 Amuleiitoe,
692 5531 739 5603 qui
754 5547 782 5586 ιι
800 5529 967 5602 interfecisse

180 5612 285 5666 dicebat
301 5628 392 5684 regem
417 5615 496 5682 Saul,
522 5617 577 5675 inm
597 5613 721 5683 jubente.
752 5615 778 5669 8.
805 5617 919 5670 Samuel.
939 5619 963 5670 1.

182 5711 249 5751 aera.
269 5698 313 5750 10.
333 5699 378 5748 11.
397 5715 424 5749 ιι.
443 5698 487 5750 81.
505 5699 550 5752 st.

1020 2509 1147 2562 decessio
1166 2510 1355 2566 adactionem
1374 2513 1589 2582 insbctumeae.
1610 2518 1630 2571 l.
1649 2521 1676 2573 7.
1703 2520 1725 2585 §.
1756 2522 1781 2571 7.
1814 2519 1842 2574 ff.

1054 2589 1167 2646 dedolo
1187 2596 1263 2647 malo.
1281 2614 1309 2647 ιι.
1329 2597 1390 2647 100.

1020 2679 1138 2732 Praeter
1154 2679 1288 2730 actionem
1302 2679 1330 2731 ia
1339 2678 1453 2748 fictum
1468 2681 1552 2736 datur
1568 2681 1648 2736 etiam
1676 2685 1748 2738 actio
1767 2689 1844 2740 servi

1054 2761 1186 2824 corrupti,
1208 2779 1264 2814 non
1284 2773 1387 2816 tantum
1406 2765 1535 2832 dominis,
1555 2767 1698 2820 sedetiam
1713 2768 1841 2838 ipsisser·

1054 2845 1097 2896 vis
1114 2845 1255 2911 corruptis.
1275 2865 1305 2898 n·
1323 2848 1386 2899 101.
1809 2852 1812 2860 ’

1020 2928 1117 2981 Iisdem
1137 2930 1288 2983 actionibus
1306 2941 1438 2996 tenentur,
1458 2930 1507 3004 qui
1514 2933 1646 3003 proprios
1656 2935 1782 2990 borsines
1787 2937 1841 3006 su·

1051 3012 1147 3081 gitt'tos
1165 3013 1307 3082 recipiunt.
1328 3035 1355 3068 ιι.
1377 3018 1439 3067 108.

1019 3099 1205 3164 Magistratus,
1218 3097 1267 3165 ani
1277 3099 1416 3153 ordinarie
1441 3100 1515 3165 psius
1535 3099 1673 3168 inquirere
1697 3105 1840 3171 malebat,

1056 3197 1138 3249 quam
1150 3191 1251 3232 arresto
1264 3182 1549 3254 detinerefisgitivum,
1564 3186 1679 3255 legitime
1699 3189 1768 3242 satis
1781 3191 1840 3242 rdo-

1052 3273 1119 3327 etur,
1139 3267 1168 3316 in
1177 3265 1290 3334 fictum
1310 3271 1416 3322 ceticae
1435 3278 1549 3321 tenetur.
1568 3287 1596 3320 n.
1617 3270 1677 3324 108.

1020 3347 1127 3399 Asserti
1142 3353 1225 3402 ratio
1243 3369 1269 3402 ιι.
1290 3351 1349 3402 101.

1020 3431 1095 3484 Idem
1126 3440 1179 3496 est,
1211 3431 1237 3483 si
1256 3433 1336 3505 justa
1365 3431 1459 3486 laxius
1487 3432 1609 3486 eumdem
1640 3435 1836 3492 custodivisset.

1054 3532 1082 3568 ιι.
1103 3513 1163 3566 106.

1021 3621 1173 3734 societatis
1203 3680 1297 3734 herilis
1321 3681 1422 3734 intuitu
1450 3683 1662 3754 intempestivam
1687 3683 1874 3740 misericor-1

1019 3763 1089 3816 diam
1110 3765 1334 3818 consideraturum
1353 3767 1435 3819 certis
1455 3768 1599 3821 momentis
1617 3787 1674 3821 eam
1704 3771 1839 3824 includere

1019 3849 1098 3917 juset.
1117 3849 1256 3918 stomoeto
1274 3867 1369 3917 nempe
1387 3849 1491 3920 publice
1509 3853 1580 3903 circa
1599 3869 1731 3905 aereorum
1747 3864 1770 3906 et
1784 3855 1836 3906 mi·

1020 3933 1163 3983 nistrorum
1183 3933 1361 3984 conditionem
1381 3934 1561 3988 misericordia
1581 3947 1713 4004 pecceture
1733 3948 1757 3987 et
1771 3953 1837 4006 qno·

1020 4016 1098 4066 niodo
1115 4013 1243 4084 quisque,
1263 4026 1382 4082 respectu
1403 4017 1505 4085 proprii
1533 4018 1572 4068 sel
1598 4017 1678 4068 alieni
1704 4020 1794 4080 serii,
1811 4028 1839 4072 et

1019 4097 1045 4148 ht
1067 4099 1184 4150 vicissim
1209 4099 1311 4150 ratione
1329 4098 1612 4152 tomtnornmsuomm
1626 4101 1837 4170 intempestivam

1021 4181 1227 4234 misericordiam
1249 4184 1389 4235 incurrent.
1412 4181 1558 4250 Antequam
1578 4193 1664 4234 entem
1679 4183 1756 4236 istam
1777 4203 1835 4256 spe·
1856 4175 1874 4227 ²

1017 4265 1107 4316 ciatim
1129 4264 1288 4318 tractandam
1308 4265 1428 4326 subeam,
1446 4283 1510 4334 quos
1529 4267 1662 4318 societatis
1680 4269 1774 4322 herilis
1787 4287 1821 4324 no

1020 4349 1092 4400 mine
1109 4349 1231 4419 coptam,
1247 4347 1362 4418 quidque
1380 4363 1411 4400 eo
1436 4349 1494 4412 inre
1519 4349 1597 4399 liceat
1624 4349 1719 4416 bodie,
1746 4353 1836 4423 passeis

1020 4434 1242 4503 praemittendum
1262 4433 1336 4485 duxi.
1357 4433 1513 4487 Societatem
1532 4433 1645 4490 herilem
1664 4455 1726 4491 roro
1743 4456 1833 4493 conso·
1856 4463 1872 4515 3

1018 4517 1157 4569 stationem
1177 4517 1339 4588 inaequalem
1360 4517 1430 4568 inter
1449 4515 1585 4571 dominnm
1605 4529 1632 4572 el
1649 4535 1774 4586 tetrum,
1802 4524 1834 4575 ιιιΙ

1017 4601 1162 4652 utilitatem
1194 4603 1334 4670 praecipue
1362 4599 1482 4664 nitimini,
1509 4603 1629 4671 pectione
1652 4619 1791 4674 operarum
1809 4615 1837 4662 et

1019 4683 1148 4736 mercedis
1166 4687 1350 4738 constitutam.
1368 4683 1464 4737 Contra
1482 4693 1600 4738 naturam
1621 4688 1685 4740 hane
1702 4705 1767 4756 esse,
1788 4707 1836 4742 oe·

1018 4770 1116 4822 minem
1136 4769 1206 4821 serio
1223 4769 1390 4836 opinaturum
1409 4768 1497 4820 credo.
1523 4771 1597 4823 letus
1621 4772 1731 4842 quidem
1762 4771 1800 4841 ini
1816 4773 1834 4825 l.
1854 4745 1874 4868 ἓ

1017 4851 1043 4904 i.
1060 4849 1094 4918 ff.
1115 4851 1149 4905 de
1166 4861 1239 4903 states
1259 4851 1361 4902 bomin.
1380 4851 1404 4916 §.
1421 4852 1543 4905 seruitus.
1562 4852 1647 4906 instit.
1665 4857 1698 4907 de
1708 4857 1763 4923 p'ur.
1775 4875 1837 4926 per·

1017 4952 1108 4989 senar.
1127 4937 1276 4989 cessitatem
1296 4945 1387 4988 contra
1402 4945 1538 5000 natorum,
1558 4943 1597 4991 set
1618 4951 1705 4991 sontes
1725 4941 1836 4992 liberte-

1017 5033 1069 5075 tem
1089 5023 1229 5076 nstnrslem
1249 5037 1305 5073 esse
1324 5021 1459 5074 inductam
1480 5025 1600 5077 asseruit.
1627 5025 1680 5076 Set
1710 5043 1762 5090 eo,
1792 5027 1868 5080 utic

1015 5106 1083 5176 apud
1103 5107 1276 5177 philosophos
1301 5106 1402 5174 aliquos
1427 5107 1528 5170 audiit,
1552 5109 1703 5175 neutiquam
1732 5109 1836 5178 negarit

1016 5192 1070 5244 «tart
1090 5191 1226 5258 homines,
1244 5191 1338 5260 quibos
1357 5193 1426 5255 iaxta
1446 5193 1590 5242 naturalem
1625 5192 1740 5244 indolem
1767 5195 1835 5248 bene

1017 5293 1072 5328 esse
1085 5293 1136 5328 non
1149 5287 1249 5346 potest,
1264 5276 1317 5327 nisi
1332 5274 1415 5327 atiena
1430 5274 1517 5326 anima
1532 5275 1629 5333 visent,
1643 5283 1670 5324 et
1682 5277 1781 5328 vietum
1796 5279 1834 5328 in·

1017 5359 1065 5421 ele,
1084 5376 1161 5427 qoem
1182 5360 1234 5411 sibi
1252 5373 1402 5425 comparare
1421 5359 1535 5426 impares
1553 5367 1636 5422 sunt,
1656 5371 1831 5422 mereantur,

1017 5445 1060 5511 qttl
1080 5445 1172 5513 abjecti
1193 5455 1251 5495 situl
1270 5443 1301 5494 ιιΙ
1321 5441 1494 5511 ignominiasti
1514 5439 1598 5492 sertae
1611 5439 1771 5508 brutorum,
1792 5461 1834 5497 ao·

1017 5527 1068 5578 lius
1087 5528 1230 5598 patientiae
1247 5537 1272 5578 et
1292 5527 1410 5578 laborum
1430 5523 1513 5593 gloria
1539 5525 1656 5594 superbi.
1686 5528 1776 5594 Abeo,
1810 5531 1874 5584 ut'l

1018 5611 1133 5666 medieas
1152 5623 1177 5666 et
1196 5611 1365 5679 philosophus
1383 5609 1481 5680 aliquis
1495 5612 1581 5677 maguti
1596 5612 1713 5664 nominis
1730 5629 1772 5664 eos
1786 5613 1834 5665 hn-

1021 5717 1094 5752 mana
1114 5699 1250 5762 animalia,
1271 5713 1321 5750 noa
1341 5695 1461 5747 homines
1478 5690 1561 5748 iacete
1579 5696 1763 5768 appellaverit.
1780 5698 1831 5751 Sed
1851 5709 1869 5761 8
