4450 6220
21 281 28 322 a
261 299 316 358 ua
857 294 1267 352 nanstuunss
1788 291 1842 349 su

213 397 330 474 ejusdem
344 394 448 468 ingenii
458 393 837 466 errsdrlirtoresistringers
861 413 895 449 os
919 393 1025 448 russo
1077 395 1151 448 ribus
1168 402 1351 465 argumentum
1370 393 1419 449 hoc
1438 393 1557 464 prosequi
1575 387 1677 449 occasio
1699 389 1814 460 denegat.
1846 386 1895 446 Ga·

211 501 272 540 ruris
285 481 416 553 supplici·
429 479 570 548 impedire,
583 482 695 533 omnino
708 488 754 532 out
764 481 837 532 liure
847 496 968 551 pernam
981 480 1029 533 do·
1078 477 1220 550 topbooen
1237 477 1411 533 dissertationi
1426 477 1615 547 impositurus,
1627 477 1724 548 gratias
1736 476 1820 530 ussa

20 589 23 692 q
212 573 319 632 inrum,
332 573 380 620 aut
396 563 547 619 Galliarum
559 563 755 636 rempublicam
773 565 956 620 interituram.
969 565 1031 618 eto·
1359 562 1382 614 D
1400 559 1423 614 E
1440 561 1463 616 0
1499 559 1529 615 Μ
1546 559 1568 613 Ε
1585 559 1617 616 0.

740 818 1073 898 ntsru'rA'rto
1114 817 1383 896 transuta

603 1003 1495 1164 nunnunquam

231 1269 280 1324 Es
295 1283 319 1322 ο.
339 1271 365 1322 1.
383 1267 410 1323 2
428 1279 453 1324 et
470 1287 541 1341 seqq.
557 1288 581 1326 c.
599 1272 627 1323 1.
643 1291 669 1342 q.
688 1275 714 1326 3.
731 1291 754 1328 c.
774 1273 817 1327 10.
836 1291 864 1328 r.
881 1273 907 1326 2.
924 1291 948 1343 q.
969 1275 995 1325 1.
1010 1271 1050 1330 tit.
1070 1272 1115 1326 10.
1132 1284 1160 1326 er
1176 1273 1204 1325 iu
1223 1272 1248 1325 b.
1267 1271 1369 1343 dsjnr.
1386 1271 1436 1324 ml.
1454 1287 1475 1324 s.
1495 1269 1538 1320 111.
1555 1285 1585 1320 ar.
1604 1269 1638 1324 ds
1655 1266 1777 1334 rescript.
1795 1285 1819 1322 a.
1842 1265 1869 1322 1.

267 1365 294 1406 et
311 1354 337 1408 b.
354 1373 385 1408 ε.
403 1357 435 1409 dr
452 1356 507 1408 dol.
528 1368 554 1410 et
570 1369 690 1412 cornum.
708 1361 750 1412 rit.
768 1377 799 1413 x.
817 1360 850 1413 de
867 1359 985 1414 satians.
1001 1375 1025 1410 e.
1043 1364 1068 1417 1.
1086 1375 1118 1411 rr.
1136 1355 1169 1409 ds
1183 1373 1265 1426 poen.
1284 1364 1314 1406 tt.
1329 1349 1363 1421 ff
1380 1365 1407 1406 st
1422 1371 1446 1407 c.
1463 1352 1497 1408 de
1522 1353 1621 1408 culum.
1646 1353 1681 1408 ds
1705 1355 1781 1408 crim.
1804 1353 1878 1408 stell.

267 1435 312 1489 De
329 1437 348 1490 1.
364 1455 440 1491 com.
459 1439 493 1493 de
501 1441 571 1510 stur.
592 1443 634 1495 De
651 1443 706 1495 dol.
725 1443 788 1495 mal
810 1445 853 1496 De
871 1443 996 1515 vectigal.
1013 1460 1039 1502 ar
1055 1441 1190 1498 cosumus.
1207 1439 1248 1491 tir.
1257 1435 1298 1507 ff
1314 1439 1338 1490 ri
1354 1439 1413 1492 mol
1432 1447 1500 1492 rent.
1522 1455 1594 1492 nour.
1612 1439 1641 1492 in
1659 1453 1732 1502 pers.
1749 1436 1803 1490 cul.
1824 1447 1875 1490 etc.

267 1519 286 1572 1.
293 1520 353 1590 fin.
364 1519 404 1590 ff
422 1522 454 1575 dr
472 1539 493 1576 r.
512 1540 539 1575 v.
558 1523 578 1574 1.
597 1523 641 1576 211.
651 1520 695 1593 ff.
712 1527 745 1579 de
759 1524 866 1589 probat.
883 1525 902 1577 1.
925 1529 968 1580 tn.
986 1529 1008 1595 ς.
1029 1533 1052 1582 1.
1071 1525 1232 1597 defidep'uss.
1250 1524 1268 1575 1.
1289 1525 1314 1574 1.
1332 1530 1353 1584 ς.
1376 1520 1473 1591 oluff
1493 1523 1527 1576 de
1543 1523 1598 1574 dol.
1617 1521 1681 1573 mal.
1700 1529 1728 1574 et
1745 1530 1810 1574 sset.
1828 1535 1880 1574 es*-

270 1617 340 1672 rept.
357 1607 377 1659 1.
394 1605 484 1660 dions.
503 1607 548 1658 ³³.
557 1605 599 1674 ff.
619 1610 651 1660 de
668 1627 697 1662 rs
707 1609 770 1681 joel.
788 1608 806 1658 1.
826 1606 886 1673 14
905 1609 930 1660 1.
948 1621 974 1662 er
991 1629 1063 1685 seqq.
1071 1611 1112 1680 ff.
1130 1613 1167 1662 ad
1183 1619 1229 1663 rer.
1250 1618 1323 1674 rurp.
1339 1615 1369 1660 rr.
1387 1623 1409 1659 r.
1428 1617 1458 1660 ut
1475 1605 1514 1659 lir.
1531 1605 1653 1672 mukar.
1672 1613 1720 1658 ers.
1739 1603 1764 1656 si
1775 1612 1878 1658 cauma

260 1691 310 1765 jus
329 1699 377 1743 ete.
395 1689 421 1741 ri
438 1690 505 1741 rnr'o.
521 1705 550 1742 sa
569 1690 634 1758 moi.
653 1691 711 1742 dix.
730 1689 877 1759 desiimus.
897 1691 978 1748 tristi.
998 1697 1015 1748 l.
1034 1699 1060 1748 1.
1078 1713 1101 1748 e.
1119 1696 1152 1748 sle
1168 1694 1222 1764 leg.
1239 1710 1316 1762 usqu.
1334 1689 1352 1741 1.
1371 1691 1395 1744 b.
1413 1709 1438 1744 e.
1464 1688 1503 1744 ud
1524 1698 1573 1744 ast.
1599 1687 1683 1755 relisi.
1702 1687 1720 1738 1.
1740 1683 1785 1737 11.
1802 1703 1826 1738 c·
1844 1683 1880 1740 ds

268 1781 400 1825 tremori.
419 1771 437 1821 l.
445 1767 505 1838 fin.
523 1789 546 1824 c.
563 1773 596 1824 de
611 1772 672 1838 plus
686 1774 758 1838 perir.
775 1775 851 1826 noth.
870 1773 933 1828 item
949 1793 1093 1840 possessor.
1111 1796 1136 1831 c.
1153 1779 1202 1848 qui
1215 1787 1273 1844 pot.
1290 1775 1320 1827 irs
1337 1774 1412 1846 pigo.
1437 1774 1510 1828 nuth.
1536 1769 1646 1826 contro.
1664 1787 1690 1824 c·
1706 1771 1738 1824 ds
1758 1787 1823 1822 non.
1846 1789 1877 1824 rr.

228 1929 232 1938 Ι
265 1869 321 1919 pse.
338 1853 377 1903 rit.
389 1851 417 1923 j.
434 1852 467 1904 ds
482 1870 560 1918 poen.
578 1865 655 1921 serap.
673 1855 739 1923 lirig.
758 1863 779 1917 ς.
798 1855 843 1906 16.
862 1857 905 1909 32.
925 1859 967 1910 ³3·
978 1859 1005 1933 j·
1022 1860 1056 1918 ds
1073 1873 1127 1919 ace.
1143 1849 1167 1918 ο.
1186 1865 1213 1915 1.
1231 1861 1252 1928 5
1271 1859 1297 1914 1.
1314 1877 1383 1930 pons
1391 1857 1462 1932 fiiri.
1478 1859 1559 1928 prim.
1574 1871 1651 1911 cunr.
1668 1855 1728 1909 ben.
1740 1871 1796 1910 aar.
1808 1871 1832 1910 c·
1845 1857 1873 1913 1.

278 1942 302 1998 ς.
319 1935 346 1990 b.
363 1935 396 1990 dr
411 1953 473 2006 pac·
491 1939 598 1994 tenensi.
615 1949 642 1994 et
655 1937 778 2009 plurimis
795 1939 935 1998 similitor.

711 2143 754 2188 sn
776 2145 853 2190 nisu
878 2122 930 2192 30.
954 2149 1124 2199 ammaus.
1149 2150 1179 2196 a.
1203 2150 1410 2198 sounvur.

836 2356 841 2371 ι
885 2337 966 2378 Nil
1000 2337 1237 2380 ΗΗΙΗΗ

642 2469 925 2544 ΟΙΙΗῙὸΤΙΑΝΟ
949 2477 1160 2562 honnus,
1184 2471 1470 2544 STETtttsttst.

808 2785 1304 2826 ...n-*nnn—

230 3037 435 3175 Constans
462 3123 583 3178 rernm
610 3103 877 3176 mundanarum
905 3101 1145 3174 inconstantia
1162 3107 1302 3176 cunctis
1322 3107 1461 3180 artibus
1480 3120 1516 3178 et
1533 3107 1694 3180 scientiis
1711 3102 1803 3176 hanc
1822 3097 1891 3178 fati

231 3195 345 3294 legem
373 3201 485 3296 dixit3
521 3229 593 3278 riou
627 3219 722 3276 stare
755 3228 856 3304 posse
889 3215 1061 3300 perpetuo
1092 3227 1238 3276 sumtus
1263 3201 1445 3279 felicitatis
1478 3221 1586 3306 atque
1618 3207 1897 3276 existimationis

183 3391 186 3396 Δ
232 3303 420 3372 cacrrmiue
447 3307 483 3375 vi
508 3329 569 3378 sua
596 3305 709 3375 nixas.
737 3305 814 3374 scii.
839 3303 965 3398 geuius
990 3301 1099 3374 seculi
1125 3300 1285 3375 ab'ectas
1308 3329 1329 3376 e
1356 3306 1514 3378 tenebris
1539 3305 1704 3393 extollit,
1731 3305 1892 3400 pretium

232 3399 323 3494 ipsis
349 3401 470 3493 addit,
495 3405 815 3500 adorationemque
838 3403 1027 3490 concibat,
1053 3327 1339 3500 superlirlgsntes
1365 3406 1473 3478 modo
1505 3427 1627 3476 rursus
1659 3403 1891 3501 praecipitat,

233 3513 383 3598 atraque
408 3516 637 3602 contemptus
665 3501 759 3574 nube
785 3499 948 3573 involvit.
983 3501 1149 3572 Miseram
1182 3503 1417 3576 scientiarum
1441 3515 1598 3592 sortem,
1629 3504 1668 3574 in
1701 3525 1791 3599 quas
1817 3525 1897 3599 pso·

235 3604 315 3694 prio
344 3601 427 3671 licet
452 3603 652 3674 nobilitatis
677 3605 804 3673 decore
829 3599 1069 3698 praefulgidus
1095 3599 1336 3698 impotentem
1355 3606 1457 3676 vanis
1475 3601 1707 3702 opinionibus
1723 3599 1895 3676 affectant

235 3695 399 3771 homines
436 3701 682 3776 dominatum.
710 3699 855 3771 Assedit
880 3699 1078 3798 aliquando
1110 3702 1333 3800 philosophia
1363 3709 1501 3775 thronis
1535 3727 1658 3799 regum
1690 3725 1730 3772 ac
1763 3701 1901 3800 priuci-

234 3819 321 3894 pum
349 3825 433 3870 auro
459 3814 625 3899 ostroque
652 3801 857 3901 praesignis.
883 3799 988 3872 Nunc
1016 3802 1213 3872 temerario
1237 3827 1326 3875 ausu
1353 3803 1582 3898 fastigiosus
1606 3801 1744 3901 dejecta
1773 3802 1832 3874 vix
1851 3801 1894 3874 in

235 3897 368 3972 scholis
395 3899 527 3972 detrito
553 3915 644 3972 tecta
673 3899 782 3998 pallio
808 3899 944 3972 lamam
970 3903 1142 3998 antiquae
1169 3904 1370 3999 majestatis
1392 3927 1494 4000 aegre
1510 3915 1710 3974 conservat.
1729 3899 1899 3973 Similem

237 4021 360 4072 casnm
389 4002 505 4071 indies
530 4015 716 4098 expectare
745 4000 887 4071 videtur
908 4001 1052 4099 jurispr.
1080 3999 1143 4070 iila
1170 3999 1359 4074 homiuum
1386 4027 1429 4074 ac
1450 4027 1543 4102 pene
1563 4003 1717 4073 Deorum
1734 3999 1897 4090 domina,

237 4101 344 4171 astris
370 4100 437 4198 ipsi
466 4122 640 4198 perquam
670 4097 827 4193 maligne
856 4097 1068 4171 lucentibus.
1096 4099 1186 4171 Dies
1215 4125 1346 4198 nempe
1372 4100 1455 4190 illa,
1483 4125 1575 4198 quae
1601 4099 1689 4172 olim
1715 4111 1894 4170 amatores

236 4221 314 4268 suos
341 4203 476 4269 airricus
501 4201 765 4298 imperatorum
792 4195 904 4284 vidit,
931 4201 1093 4296 ipsosque
1111 4221 1269 4272 caesares
1286 4223 1407 4270 rerum
1424 4201 1610 4290 dominos,
1628 4197 1901 4300 praefectosque

237 4302 416 4394 praetorio
442 4301 538 4369 inter
563 4298 719 4369 cuitores
745 4321 826 4367 suos
852 4303 1082 4386 numeravit,
1109 4295 1267 4372 multum
1294 4302 1367 4398 jam
1395 4299 1442 4371 de
1477 4299 1611 4398 snlgore
1645 4311 1781 4372 vetusto
1806 4299 1897 4369 umi-

238 4397 298 4465 sit.
326 4395 439 4470 Causa
467 4395 557 4470 maii
584 4399 674 4469 tanti
702 4395 798 4495 quod
825 4399 1017 4498 justissima
1052 4393 1138 4468 haec
1171 4399 1273 4494 virgo
1305 4398 1527 4472 malitiarum
1560 4397 1900 4493 calumniarumque

238 4497 401 4590 genetrix
427 4497 619 4585 credatur,
647 4497 802 4593 indeque
835 4495 998 4570 fortunae
1030 4498 1178 4597 maioris
1209 4501 1394 4571 consortio
1423 4499 1603 4599 judicetur
1636 4498 1796 4593 indigua.
1825 4495 1900 4569 lm·

240 4618 362 4666 rnensa
388 4597 558 4694 quidem,
578 4595 711 4686 fateor,
736 4594 869 4670 ultimo
895 4595 960 4670 boc
986 4620 1073 4670 sevo
1097 4595 1365 4670 calumniarum
1392 4598 1481 4670 lues.
1507 4597 1576 4670 Sed
1602 4611 1747 4672 tentum
1778 4595 1899 4688 abest,

241 4711 280 4763 ut
306 4693 389 4765 diva
419 4699 559 4794 jurispr.
585 4697 627 4768 in
652 4695 758 4794 culpa
783 4699 848 4786 sit,
875 4709 914 4768 ut
939 4695 1001 4768 ilia
1031 4697 1153 4796 potins
1178 4695 1323 4784 efficiat,
1349 4721 1395 4768 ne
1419 4697 1516 4770 orbis
1541 4695 1735 4774 calumniis
1748 4719 1898 4797 passura·

240 4793 360 4865 detur.
388 4793 455 4867 Illa
481 4808 551 4884 est,
579 4819 669 4892 qnae
695 4795 899 4870 calumnias
923 4810 960 4866 et
987 4795 1146 4870 malitias
1161 4797 1254 4866 serio
1278 4795 1429 4869 damnat
1438 4852 1452 4890 ,
1475 4821 1567 4895 quae
1595 4801 1633 4872 in
1659 4798 1898 4872 calumniato-

240 4917 297 4962 res
321 4907 424 4966 curat
449 4897 562 4995 justas
584 4895 692 4966 'statui
721 4921 873 4994 poenas,
894 4919 991 4994 qnae
1013 4899 1222 4966 innocentes
1247 4893 1427 4970 calumnia
1463 4919 1598 4995 pressos
1629 4899 1757 4994 erigit,
1779 4911 1816 4967 et
1847 4899 1899 4967 ita

240 4993 426 5089 providet,
452 5018 523 5092 quo
548 4995 798 5094 unnsquisque
821 5019 927 5068 suum
951 4997 1088 5095 capiat,
1119 4992 1418 5094 publicarumque
1447 5011 1484 5066 et
1514 4997 1739 5094 privatarum
1772 5017 1900 5068 rerum

239 5105 355 5166 status
378 5093 527 5168 insimul
550 5107 713 5166 servetur
738 5094 891 5168 illaesus.
918 5093 1004 5168 Dira
1027 5105 1150 5166 eutem
1174 5097 1347 5195 cujusque
1372 5093 1521 5193 cupido,
1548 5095 1605 5166 cui
1622 5118 1687 5166 ceu
1708 5095 1781 5166 Deo
1810 5092 1900 5164 lita·¹

238 5204 318 5282 tur,
341 5193 509 5268 omnium
533 5191 711 5266 scelerum
734 5193 1073 5294 calumniarumque
1098 5194 1218 5268 verius
1243 5191 1487 5267 affirmabitur
1512 5195 1688 5294 repertrix
1704 5195 1892 5265 etnutrix.

239 5289 496 5390 Unusquisque
520 5289 632 5366 modo
655 5315 721 5364 suo
743 5310 785 5366 ut
809 5317 873 5392 par
893 5308 947 5367 est
965 5293 1173 5390 iungeretur
1188 5292 1326 5385 officio,
1342 5293 1499 5394 qualiter
1516 5295 1571 5395 jus
1587 5306 1623 5365 et
1640 5295 1777 5394 justitia
1793 5317 1898 5392 prae·

241 5389 385 5482 scribit,
411 5391 633 5465 malitiarum
662 5396 782 5464 minus
807 5391 981 5490 affligeret
1009 5405 1187 5467 terrarum
1213 5393 1349 5466 orbem.
1376 5397 1444 5468 Ast
1469 5393 1783 5493 quoniamomuss
1799 5391 1902 5464 coloe

242 5497 363 5563 saisias
390 5491 500 5566 luctas
525 5491 707 5591 loquimur
733 5491 973 5592 facimusque,
990 5495 1233 5592 nequicquam
1260 5497 1370 5593 inque
1387 5519 1444 5566 eas
1460 5504 1597 5566 armata
1621 5491 1821 5580 Themide,
1838 5493 1903 5564 cui

241 5617 372 5690 quaeso
389 5596 520 5672 rectius
533 5589 768 5694 assignabitur
783 5615 887 5668 causo
905 5593 1197 5686 calumniarum,
1217 5597 1461 5668 sanctissimae
1490 5590 1686 5686 Themidi,
1715 5617 1761 5666 an
1794 5590 1902 5664 uobis
