<?xml version="1.0" encoding="UTF-8"?>
<!DOCTYPE html PUBLIC "-//W3C//DTD XHTML 1.0 Transitional//EN"
    "http://www.w3.org/TR/xhtml1/DTD/xhtml1-transitional.dtd">
<html xmlns="http://www.w3.org/1999/xhtml" xml:lang="en" lang="en">
 <head>
  <title>
</title>
<meta http-equiv="Content-Type" content="text/html;charset=utf-8" />
  <meta name='ocr-system' content='tesseract 3.04.00' />
  <meta name='ocr-capabilities' content='ocr_page ocr_carea ocr_par ocr_line ocrx_word'/>
</head>
<body>
  <div class='ocr_page' id='page_1' title='image "./samuelisstrykii07schogoog_0354.png"; bbox 0 0 4450 6220; ppageno 0'>
   <div class='ocr_carea' id='block_1_1' title="bbox 402 460 455 514">
    <p class='ocr_par' dir='ltr' id='par_1_1' title="bbox 402 460 455 514">
     <span class='ocr_line' id='line_1_1' title="bbox 402 460 455 514; baseline -0.057 0"><span class='ocrx_word' id='word_1_1' title='bbox 402 460 455 514; x_wconf 74' lang='grc'>693</span> 
     </span>
    </p>
   </div>
   <div class='ocr_carea' id='block_1_2' title="bbox 349 539 1162 628">
    <p class='ocr_par' dir='ltr' id='par_1_2' title="bbox 349 539 1162 628">
     <span class='ocr_line' id='line_1_2' title="bbox 349 539 1162 628; baseline -0.027 -19"><span class='ocrx_word' id='word_1_2' title='bbox 349 572 426 628; x_wconf 90' lang='lat' dir='ltr'>posse</span> <span class='ocrx_word' id='word_1_3' title='bbox 444 569 496 605; x_wconf 89' lang='lat' dir='ltr'>non</span> <span class='ocrx_word' id='word_1_4' title='bbox 513 549 626 605; x_wconf 84' lang='lat' dir='ltr'>omniun</span> <span class='ocrx_word' id='word_1_5' title='bbox 644 547 843 621; x_wconf 84' lang='lat' dir='ltr'>desperandum.</span> <span class='ocrx_word' id='word_1_6' title='bbox 857 543 935 597; x_wconf 83' lang='lat' dir='ltr'>Certe</span> <span class='ocrx_word' id='word_1_7' title='bbox 955 539 1060 612; x_wconf 88' lang='lat' dir='ltr'>imperii</span> <span class='ocrx_word' id='word_1_8' title='bbox 1081 549 1162 590; x_wconf 83' lang='lat' dir='ltr'>statos</span> 
     </span>
    </p>
   </div>
   <div class='ocr_carea' id='block_1_3' title="bbox 291 622 1180 5708">
    <p class='ocr_par' dir='ltr' id='par_1_3' title="bbox 291 622 1180 5708">
     <span class='ocr_line' id='line_1_3' title="bbox 349 622 1164 709; baseline -0.025 -15"><span class='ocrx_word' id='word_1_9' title='bbox 349 659 402 694; x_wconf 88' lang='lat' dir='ltr'>non</span> <span class='ocrx_word' id='word_1_10' title='bbox 421 641 571 709; x_wconf 83' lang='lat' dir='ltr'>desperssse</span> <span class='ocrx_word' id='word_1_11' title='bbox 590 637 623 690; x_wconf 90' lang='lat' dir='ltr'>de</span> <span class='ocrx_word' id='word_1_12' title='bbox 640 655 669 690; x_wconf 91' lang='lat' dir='ltr'>ea</span> <span class='ocrx_word' id='word_1_13' title='bbox 687 655 723 690; x_wconf 79' lang='lat' dir='ltr'>err</span> <span class='ocrx_word' id='word_1_14' title='bbox 735 635 815 688; x_wconf 82' lang='lat' dir='ltr'>inatr-</span> <span class='ocrx_word' id='word_1_15' title='bbox 832 627 974 696; x_wconf 81' lang='lat' dir='ltr'>Wertplral.</span> <span class='ocrx_word' id='word_1_16' title='bbox 990 626 1053 692; x_wconf 76' lang='lat' dir='ltr'>pes.</span> <span class='ocrx_word' id='word_1_17' title='bbox 1074 634 1127 674; x_wconf 86' lang='lat' dir='ltr'>art.</span> <span class='ocrx_word' id='word_1_18' title='bbox 1140 622 1164 674; x_wconf 83' lang='lat' dir='ltr'>li.</span> 
     </span>
     <span class='ocr_line' id='line_1_4' title="bbox 297 706 1165 816; baseline -0.022 -40"><span class='ocrx_word' id='word_1_19' title='bbox 297 764 330 816; x_wconf 63' lang='lat'>2,</span> <span class='ocrx_word' id='word_1_20' title='bbox 349 726 373 791; x_wconf 73' lang='grc' dir='ltr'>ς.</span> <span class='ocrx_word' id='word_1_21' title='bbox 387 726 410 776; x_wconf 91' lang='grc'><strong>1.</strong></span> <span class='ocrx_word' id='word_1_22' title='bbox 425 722 468 776; x_wconf 88' lang='lat' dir='ltr'>tt.</span> <span class='ocrx_word' id='word_1_23' title='bbox 480 731 505 774; x_wconf 92' lang='lat' dir='ltr'>et</span> <span class='ocrx_word' id='word_1_24' title='bbox 518 721 560 773; x_wconf 86' lang='grc'><strong>17.</strong></span> <span class='ocrx_word' id='word_1_25' title='bbox 573 730 688 790; x_wconf 87' lang='lat' dir='ltr'>apparet.</span> <span class='ocrx_word' id='word_1_26' title='bbox 715 719 763 770; x_wconf 85' lang='lat' dir='ltr'>Cui</span> <span class='ocrx_word' id='word_1_27' title='bbox 788 713 970 766; x_wconf 79' lang='lat' dir='ltr'>conciliationi</span> <span class='ocrx_word' id='word_1_28' title='bbox 989 706 1165 760; x_wconf 70' lang='lat' dir='ltr'>conducerent</span> 
     </span>
     <span class='ocr_line' id='line_1_5' title="bbox 348 790 1165 862; baseline -0.021 -2"><span class='ocrx_word' id='word_1_29' title='bbox 348 807 489 860; x_wconf 87' lang='lat' dir='ltr'>commode</span> <span class='ocrx_word' id='word_1_30' title='bbox 507 808 662 858; x_wconf 88' lang='lat' dir='ltr'>uuisersalia</span> <span class='ocrx_word' id='word_1_31' title='bbox 682 803 810 862; x_wconf 89' lang='lat' dir='ltr'>concilia,</span> <span class='ocrx_word' id='word_1_32' title='bbox 831 800 870 851; x_wconf 86' lang='lat' dir='ltr'>sel</span> <span class='ocrx_word' id='word_1_33' title='bbox 890 795 980 848; x_wconf 85' lang='lat' dir='ltr'>saltem</span> <span class='ocrx_word' id='word_1_34' title='bbox 1003 790 1165 856; x_wconf 81' lang='lat' dir='ltr'>irrationalia,</span> 
     </span>
     <span class='ocr_line' id='line_1_6' title="bbox 352 874 1166 945; baseline -0.022 -3"><span class='ocrx_word' id='word_1_35' title='bbox 352 891 524 942; x_wconf 81' lang='lat' dir='ltr'>essententia</span> <span class='ocrx_word' id='word_1_36' title='bbox 543 891 623 942; x_wconf 83' lang='lat' dir='ltr'>Vent.</span> <span class='ocrx_word' id='word_1_37' title='bbox 642 889 673 938; x_wconf 88' lang='lat' dir='ltr'>de</span> <span class='ocrx_word' id='word_1_38' title='bbox 692 883 832 938; x_wconf 76' lang='lat' dir='ltr'>Valeanl.</span> <span class='ocrx_word' id='word_1_39' title='bbox 859 879 984 945; x_wconf 59' lang='lat' dir='ltr'>zportlt.</span> <span class='ocrx_word' id='word_1_40' title='bbox 1008 874 1075 943; x_wconf 76' lang='lat' dir='ltr'>litig.</span> <span class='ocrx_word' id='word_1_41' title='bbox 1100 893 1122 926; x_wconf 85' lang='lat' dir='ltr'>c.</span> <span class='ocrx_word' id='word_1_42' title='bbox 1142 877 1166 928; x_wconf 81' lang='grc'>3,</span> 
     </span>
     <span class='ocr_line' id='line_1_7' title="bbox 350 957 1167 1040; baseline -0.02 -14"><span class='ocrx_word' id='word_1_43' title='bbox 350 973 405 1040; x_wconf 90' lang='lat' dir='ltr'>(sed</span> <span class='ocrx_word' id='word_1_44' title='bbox 425 973 549 1025; x_wconf 81' lang='lat' dir='ltr'>baensis</span> <span class='ocrx_word' id='word_1_45' title='bbox 569 973 616 1024; x_wconf 88' lang='lat' dir='ltr'>boc</span> <span class='ocrx_word' id='word_1_46' title='bbox 645 987 732 1022; x_wconf 90' lang='lat' dir='ltr'>rerum</span> <span class='ocrx_word' id='word_1_47' title='bbox 763 979 831 1019; x_wconf 84' lang='lat' dir='ltr'>stutu</span> <span class='ocrx_word' id='word_1_48' title='bbox 862 962 938 1016; x_wconf 91' lang='lat' dir='ltr'>utilia</span> <span class='ocrx_word' id='word_1_49' title='bbox 968 959 1067 1028; x_wconf 80' lang='lat' dir='ltr'>judicat</span> <span class='ocrx_word' id='word_1_50' title='bbox 1098 957 1167 1010; x_wconf 84' lang='lat' dir='ltr'>Pbil.</span> 
     </span>
     <span class='ocr_line' id='line_1_8' title="bbox 298 1042 1166 1125; baseline -0.021 -14"><span class='ocrx_word' id='word_1_51' title='bbox 298 1049 334 1100; x_wconf 68' lang='lat'>25</span> <span class='ocrx_word' id='word_1_52' title='bbox 351 1058 434 1111; x_wconf 74' lang='lat' dir='ltr'>Andr.</span> <span class='ocrx_word' id='word_1_53' title='bbox 446 1055 568 1120; x_wconf 77' lang='lat' dir='ltr'>Burgold.</span> <span class='ocrx_word' id='word_1_54' title='bbox 578 1073 605 1125; x_wconf 85' lang='lat' dir='ltr'>p.</span> <span class='ocrx_word' id='word_1_55' title='bbox 621 1057 646 1105; x_wconf 87' lang='lat' dir='ltr'>l·</span> <span class='ocrx_word' id='word_1_56' title='bbox 657 1052 721 1108; x_wconf 82' lang='lat' dir='ltr'>disc.</span> <span class='ocrx_word' id='word_1_57' title='bbox 735 1050 915 1114; x_wconf 69' lang='lat' dir='ltr'>princepae.</span> <span class='ocrx_word' id='word_1_58' title='bbox 943 1046 967 1096; x_wconf 84' lang='grc'>3.</span> <span class='ocrx_word' id='word_1_59' title='bbox 982 1043 1115 1112; x_wconf 77' lang='lat' dir='ltr'>stragisque</span> <span class='ocrx_word' id='word_1_60' title='bbox 1133 1042 1166 1093; x_wconf 90' lang='lat' dir='ltr'>ad</span> 
     </span>
     <span class='ocr_line' id='line_1_9' title="bbox 351 1124 1167 1208; baseline -0.021 -16"><span class='ocrx_word' id='word_1_61' title='bbox 351 1140 479 1208; x_wconf 90' lang='lat' dir='ltr'>colloquia</span> <span class='ocrx_word' id='word_1_62' title='bbox 499 1139 582 1191; x_wconf 87' lang='lat' dir='ltr'>flectit</span> <span class='ocrx_word' id='word_1_63' title='bbox 600 1155 677 1207; x_wconf 88' lang='lat' dir='ltr'>quem</span> <span class='ocrx_word' id='word_1_64' title='bbox 698 1137 818 1206; x_wconf 87' lang='lat' dir='ltr'>pluribus</span> <span class='ocrx_word' id='word_1_65' title='bbox 835 1133 859 1184; x_wconf 84' lang='lat' dir='ltr'>d.</span> <span class='ocrx_word' id='word_1_66' title='bbox 879 1133 898 1182; x_wconf 87' lang='lat' dir='ltr'>l.</span> <span class='ocrx_word' id='word_1_67' title='bbox 915 1131 948 1182; x_wconf 89' lang='lat' dir='ltr'>de</span> <span class='ocrx_word' id='word_1_68' title='bbox 971 1124 1108 1182; x_wconf 86' lang='lat' dir='ltr'>concordia</span> <span class='ocrx_word' id='word_1_69' title='bbox 1128 1142 1167 1176; x_wconf 92' lang='lat' dir='ltr'>ec·</span> 
     </span>
     <span class='ocr_line' id='line_1_10' title="bbox 351 1207 1167 1286; baseline -0.018 -12"><span class='ocrx_word' id='word_1_70' title='bbox 351 1221 494 1276; x_wconf 87' lang='lat' dir='ltr'>clesiastica</span> <span class='ocrx_word' id='word_1_71' title='bbox 513 1219 686 1272; x_wconf 84' lang='lat' dir='ltr'>disserentem</span> <span class='ocrx_word' id='word_1_72' title='bbox 707 1219 773 1282; x_wconf 88' lang='lat' dir='ltr'>sid.)</span> <span class='ocrx_word' id='word_1_73' title='bbox 792 1229 868 1286; x_wconf 90' lang='lat' dir='ltr'>utque</span> <span class='ocrx_word' id='word_1_74' title='bbox 881 1217 1025 1282; x_wconf 84' lang='lat' dir='ltr'>imperatur</span> <span class='ocrx_word' id='word_1_75' title='bbox 1037 1220 1061 1262; x_wconf 89' lang='lat' dir='ltr'>et</span> <span class='ocrx_word' id='word_1_76' title='bbox 1071 1207 1167 1260; x_wconf 81' lang='lat' dir='ltr'>sommi</span> 
     </span>
     <span class='ocr_line' id='line_1_11' title="bbox 351 1293 1166 1374; baseline -0.015 -16"><span class='ocrx_word' id='word_1_77' title='bbox 351 1305 484 1374; x_wconf 71' lang='lat' dir='ltr'>principes</span> <span class='ocrx_word' id='word_1_78' title='bbox 503 1322 574 1357; x_wconf 85' lang='lat' dir='ltr'>more</span> <span class='ocrx_word' id='word_1_79' title='bbox 595 1306 721 1372; x_wconf 75' lang='lat' dir='ltr'>rusiorum</span> <span class='ocrx_word' id='word_1_80' title='bbox 740 1302 953 1370; x_wconf 87' lang='lat' dir='ltr'>jurisdictionem</span> <span class='ocrx_word' id='word_1_81' title='bbox 967 1293 1166 1350; x_wconf 84' lang='lat' dir='ltr'>ecclesiasticam</span> 
     </span>
     <span class='ocr_line' id='line_1_12' title="bbox 353 1379 1166 1456; baseline -0.014 -14"><span class='ocrx_word' id='word_1_82' title='bbox 353 1400 380 1442; x_wconf 90' lang='lat' dir='ltr'>et</span> <span class='ocrx_word' id='word_1_83' title='bbox 397 1404 484 1440; x_wconf 82' lang='lat' dir='ltr'>curans</span> <span class='ocrx_word' id='word_1_84' title='bbox 503 1405 634 1440; x_wconf 89' lang='lat' dir='ltr'>sacrorum</span> <span class='ocrx_word' id='word_1_85' title='bbox 655 1409 668 1441; x_wconf 90' lang='lat' dir='ltr'>a</span> <span class='ocrx_word' id='word_1_86' title='bbox 689 1385 814 1456; x_wconf 86' lang='lat' dir='ltr'>pontilice</span> <span class='ocrx_word' id='word_1_87' title='bbox 828 1401 893 1438; x_wconf 88' lang='lat' dir='ltr'>rum.</span> <span class='ocrx_word' id='word_1_88' title='bbox 920 1383 1032 1434; x_wconf 88' lang='lat' dir='ltr'>nimium</span> <span class='ocrx_word' id='word_1_89' title='bbox 1053 1379 1166 1431; x_wconf 81' lang='lat' dir='ltr'>invasam</span> 
     </span>
     <span class='ocr_line' id='line_1_13' title="bbox 299 1463 1167 1542; baseline -0.012 -17"><span class='ocrx_word' id='word_1_90' title='bbox 299 1474 336 1525; x_wconf 73' lang='lat'>2¹¹1</span> <span class='ocrx_word' id='word_1_91' title='bbox 352 1471 516 1542; x_wconf 89' lang='lat' dir='ltr'>postliminio</span> <span class='ocrx_word' id='word_1_92' title='bbox 529 1475 600 1540; x_wconf 85' lang='lat' dir='ltr'>quasi</span> <span class='ocrx_word' id='word_1_93' title='bbox 616 1471 667 1522; x_wconf 87' lang='lat' dir='ltr'>sibi</span> <span class='ocrx_word' id='word_1_94' title='bbox 682 1471 853 1524; x_wconf 81' lang='lat' dir='ltr'>sintlicarent.</span> <span class='ocrx_word' id='word_1_95' title='bbox 867 1469 944 1520; x_wconf 79' lang='lat' dir='ltr'>Veot.</span> <span class='ocrx_word' id='word_1_96' title='bbox 971 1465 1003 1518; x_wconf 88' lang='lat' dir='ltr'>ds</span> <span class='ocrx_word' id='word_1_97' title='bbox 1029 1463 1128 1518; x_wconf 53' lang='lat' dir='ltr'>satas.</span> <span class='ocrx_word' id='word_1_98' title='bbox 1146 1483 1167 1518; x_wconf 91' lang='lat' dir='ltr'>e.</span> 
     </span>
     <span class='ocr_line' id='line_1_14' title="bbox 291 1545 1169 1623; baseline -0.007 -14"><span class='ocrx_word' id='word_1_99' title='bbox 291 1603 300 1620; x_wconf 82' lang='grc'><strong><em>,</em></strong></span> <span class='ocrx_word' id='word_1_100' title='bbox 353 1557 380 1608; x_wconf 81' lang='grc'>3.</span> <span class='ocrx_word' id='word_1_101' title='bbox 393 1573 419 1608; x_wconf 87' lang='lat' dir='ltr'>o.</span> <span class='ocrx_word' id='word_1_102' title='bbox 432 1557 459 1608; x_wconf 82' lang='grc'>8.</span> <span class='ocrx_word' id='word_1_103' title='bbox 472 1567 496 1608; x_wconf 89' lang='lat' dir='ltr'>et</span> <span class='ocrx_word' id='word_1_104' title='bbox 515 1557 540 1606; x_wconf 86' lang='grc'>9.</span> <span class='ocrx_word' id='word_1_105' title='bbox 567 1545 602 1606; x_wconf 78' lang='lat' dir='ltr'>Et</span> <span class='ocrx_word' id='word_1_106' title='bbox 621 1556 642 1608; x_wconf 87' lang='lat' dir='ltr'>si</span> <span class='ocrx_word' id='word_1_107' title='bbox 663 1571 714 1623; x_wconf 79' lang='lat' dir='ltr'>pax</span> <span class='ocrx_word' id='word_1_108' title='bbox 734 1555 784 1606; x_wconf 91' lang='lat' dir='ltr'>ista</span> <span class='ocrx_word' id='word_1_109' title='bbox 803 1554 971 1606; x_wconf 88' lang='lat' dir='ltr'>ecclesiarum</span> <span class='ocrx_word' id='word_1_110' title='bbox 990 1550 1106 1602; x_wconf 83' lang='lat' dir='ltr'>obtineri</span> <span class='ocrx_word' id='word_1_111' title='bbox 1126 1566 1169 1603; x_wconf 76' lang='lat' dir='ltr'>rte·-</span> 
     </span>
     <span class='ocr_line' id='line_1_15' title="bbox 351 1633 1168 1708; baseline -0.002 -20"><span class='ocrx_word' id='word_1_112' title='bbox 351 1646 443 1708; x_wconf 85' lang='lat' dir='ltr'>queat:</span> <span class='ocrx_word' id='word_1_113' title='bbox 457 1648 482 1688; x_wconf 92' lang='lat' dir='ltr'>nt</span> <span class='ocrx_word' id='word_1_114' title='bbox 497 1636 540 1706; x_wconf 78' lang='lat'>(5)</span> <span class='ocrx_word' id='word_1_115' title='bbox 557 1637 781 1690; x_wconf 83' lang='lat' dir='ltr'>vehementiorum</span> <span class='ocrx_word' id='word_1_116' title='bbox 806 1633 982 1700; x_wconf 67' lang='lat' dir='ltr'>theologorum</span> <span class='ocrx_word' id='word_1_117' title='bbox 999 1633 1168 1686; x_wconf 87' lang='lat' dir='ltr'>concertatio·</span> 
     </span>
     <span class='ocr_line' id='line_1_16' title="bbox 299 1715 1170 1812; baseline -0.007 -40"><span class='ocrx_word' id='word_1_118' title='bbox 299 1760 334 1812; x_wconf 63' lang='lat'>28</span> <span class='ocrx_word' id='word_1_119' title='bbox 347 1737 411 1784; x_wconf 78' lang='lat' dir='ltr'>nes,</span> <span class='ocrx_word' id='word_1_120' title='bbox 433 1721 573 1774; x_wconf 71' lang='lat' dir='ltr'>seditiosae</span> <span class='ocrx_word' id='word_1_121' title='bbox 592 1732 618 1773; x_wconf 94' lang='lat' dir='ltr'>et</span> <span class='ocrx_word' id='word_1_122' title='bbox 639 1719 804 1772; x_wconf 86' lang='lat' dir='ltr'>turbulentae</span> <span class='ocrx_word' id='word_1_123' title='bbox 824 1719 982 1777; x_wconf 79' lang='lat' dir='ltr'>conciones,</span> <span class='ocrx_word' id='word_1_124' title='bbox 1009 1715 1100 1768; x_wconf 89' lang='lat' dir='ltr'>acerba</span> <span class='ocrx_word' id='word_1_125' title='bbox 1119 1715 1170 1768; x_wconf 92' lang='lat' dir='ltr'>eri·</span> 
     </span>
     <span class='ocr_line' id='line_1_17' title="bbox 351 1798 1167 1872; baseline -0.01 -14"><span class='ocrx_word' id='word_1_126' title='bbox 351 1805 464 1870; x_wconf 89' lang='lat' dir='ltr'>sticaqne</span> <span class='ocrx_word' id='word_1_127' title='bbox 483 1805 576 1872; x_wconf 89' lang='lat' dir='ltr'>scripta</span> <span class='ocrx_word' id='word_1_128' title='bbox 589 1839 596 1866; x_wconf 90' lang='lat'>,</span> <span class='ocrx_word' id='word_1_129' title='bbox 610 1804 835 1871; x_wconf 81' lang='lat' dir='ltr'>etexagitntiones</span> <span class='ocrx_word' id='word_1_130' title='bbox 858 1812 978 1860; x_wconf 84' lang='lat' dir='ltr'>mutuae,</span> <span class='ocrx_word' id='word_1_131' title='bbox 996 1798 1092 1866; x_wconf 88' lang='lat' dir='ltr'>quibus</span> <span class='ocrx_word' id='word_1_132' title='bbox 1111 1817 1167 1869; x_wconf 91' lang='lat' dir='ltr'>pas·</span> 
     </span>
     <span class='ocr_line' id='line_1_18' title="bbox 353 1882 1170 1954; baseline -0.007 -16"><span class='ocrx_word' id='word_1_133' title='bbox 353 1887 404 1938; x_wconf 88' lang='lat' dir='ltr'>airu</span> <span class='ocrx_word' id='word_1_134' title='bbox 429 1886 643 1952; x_wconf 84' lang='lat' dir='ltr'>debacchantur,</span> <span class='ocrx_word' id='word_1_135' title='bbox 673 1887 796 1937; x_wconf 85' lang='lat' dir='ltr'>districte</span> <span class='ocrx_word' id='word_1_136' title='bbox 827 1883 1008 1954; x_wconf 67' lang='lat' dir='ltr'>inbibpantur.</span> <span class='ocrx_word' id='word_1_137' title='bbox 1026 1883 1107 1934; x_wconf 83' lang='lat' dir='ltr'>Veni.</span> <span class='ocrx_word' id='word_1_138' title='bbox 1136 1882 1170 1938; x_wconf 80' lang='lat' dir='ltr'>ale</span> 
     </span>
     <span class='ocr_line' id='line_1_19' title="bbox 349 1965 1167 2039; baseline -0.006 -16"><span class='ocrx_word' id='word_1_139' title='bbox 349 1971 408 2026; x_wconf 76' lang='lat' dir='ltr'>Val·</span> <span class='ocrx_word' id='word_1_140' title='bbox 420 1971 445 2021; x_wconf 82' lang='lat' dir='ltr'>d.</span> <span class='ocrx_word' id='word_1_141' title='bbox 457 1988 480 2022; x_wconf 88' lang='lat' dir='ltr'>c.</span> <span class='ocrx_word' id='word_1_142' title='bbox 495 1972 522 2022; x_wconf 85' lang='grc'>3.</span> <span class='ocrx_word' id='word_1_143' title='bbox 535 1989 563 2022; x_wconf 88' lang='lat' dir='ltr'>n.</span> <span class='ocrx_word' id='word_1_144' title='bbox 578 1972 621 2022; x_wconf 85' lang='grc'><strong>16.</strong></span> <span class='ocrx_word' id='word_1_145' title='bbox 640 1970 716 2039; x_wconf 82' lang='lat' dir='ltr'>(quod</span> <span class='ocrx_word' id='word_1_146' title='bbox 731 1970 757 2018; x_wconf 93' lang='lat' dir='ltr'>in</span> <span class='ocrx_word' id='word_1_147' title='bbox 772 1973 833 2018; x_wconf 82' lang='lat' dir='ltr'>inst,</span> <span class='ocrx_word' id='word_1_148' title='bbox 847 1983 899 2035; x_wconf 87' lang='lat' dir='ltr'>pao.</span> <span class='ocrx_word' id='word_1_149' title='bbox 913 1969 1001 2036; x_wconf 87' lang='lat' dir='ltr'>aliquo</span> <span class='ocrx_word' id='word_1_150' title='bbox 1015 1965 1091 2016; x_wconf 73' lang='lat' dir='ltr'>morlo</span> <span class='ocrx_word' id='word_1_151' title='bbox 1109 1982 1167 2035; x_wconf 91' lang='lat' dir='ltr'>pro·</span> 
     </span>
     <span class='ocr_line' id='line_1_20' title="bbox 296 2045 1169 2122; baseline -0.007 -16"><span class='ocrx_word' id='word_1_152' title='bbox 296 2080 299 2086; x_wconf 94' lang='lat'>·</span> <span class='ocrx_word' id='word_1_153' title='bbox 351 2054 446 2117; x_wconf 83' lang='lat' dir='ltr'>risum)</span> <span class='ocrx_word' id='word_1_154' title='bbox 459 2049 574 2104; x_wconf 75' lang='lat' dir='ltr'>fraterna</span> <span class='ocrx_word' id='word_1_155' title='bbox 594 2053 775 2122; x_wconf 75' lang='lat' dir='ltr'>correptione,</span> <span class='ocrx_word' id='word_1_156' title='bbox 794 2061 819 2103; x_wconf 91' lang='lat' dir='ltr'>et</span> <span class='ocrx_word' id='word_1_157' title='bbox 840 2049 971 2100; x_wconf 87' lang='lat' dir='ltr'>moderata</span> <span class='ocrx_word' id='word_1_158' title='bbox 989 2045 1169 2100; x_wconf 75' lang='lat' dir='ltr'>confutatione</span> 
     </span>
     <span class='ocr_line' id='line_1_21' title="bbox 353 2130 1168 2198; baseline -0.006 -12"><span class='ocrx_word' id='word_1_159' title='bbox 353 2152 470 2188; x_wconf 86' lang='lat' dir='ltr'>errorum</span> <span class='ocrx_word' id='word_1_160' title='bbox 483 2151 535 2186; x_wconf 91' lang='lat' dir='ltr'>non</span> <span class='ocrx_word' id='word_1_161' title='bbox 548 2137 649 2186; x_wconf 80' lang='lat' dir='ltr'>esclusa</span> <span class='ocrx_word' id='word_1_162' title='bbox 662 2170 670 2198; x_wconf 94' lang='lat'>,</span> <span class='ocrx_word' id='word_1_163' title='bbox 684 2136 746 2184; x_wconf 79' lang='lat' dir='ltr'>slsrrn</span> <span class='ocrx_word' id='word_1_164' title='bbox 762 2143 788 2182; x_wconf 92' lang='lat' dir='ltr'>et</span> <span class='ocrx_word' id='word_1_165' title='bbox 801 2135 839 2185; x_wconf 87' lang='lat' dir='ltr'>sic</span> <span class='ocrx_word' id='word_1_166' title='bbox 857 2131 1013 2198; x_wconf 87' lang='lat' dir='ltr'>praesertim</span> <span class='ocrx_word' id='word_1_167' title='bbox 1028 2130 1168 2198; x_wconf 85' lang='lat' dir='ltr'>imperitae</span> 
     </span>
     <span class='ocr_line' id='line_1_22' title="bbox 352 2216 1171 2288; baseline -0.004 -19"><span class='ocrx_word' id='word_1_168' title='bbox 352 2220 425 2288; x_wconf 74' lang='lat' dir='ltr'>plebi</span> <span class='ocrx_word' id='word_1_169' title='bbox 444 2219 559 2273; x_wconf 85' lang='lat' dir='ltr'>studium</span> <span class='ocrx_word' id='word_1_170' title='bbox 579 2220 712 2272; x_wconf 84' lang='lat' dir='ltr'>charitatis</span> <span class='ocrx_word' id='word_1_171' title='bbox 731 2217 811 2268; x_wconf 88' lang='lat' dir='ltr'>simul</span> <span class='ocrx_word' id='word_1_172' title='bbox 832 2216 992 2278; x_wconf 76' lang='lat' dir='ltr'>inculcetur,</span> <span class='ocrx_word' id='word_1_173' title='bbox 1011 2230 1059 2266; x_wconf 90' lang='lat' dir='ltr'>uec</span> <span class='ocrx_word' id='word_1_174' title='bbox 1075 2230 1120 2281; x_wconf 86' lang='lat' dir='ltr'>per</span> <span class='ocrx_word' id='word_1_175' title='bbox 1134 2230 1171 2267; x_wconf 88' lang='lat' dir='ltr'>re·</span> 
     </span>
     <span class='ocr_line' id='line_1_23' title="bbox 351 2295 1167 2368; baseline -0.006 -13"><span class='ocrx_word' id='word_1_176' title='bbox 351 2303 506 2368; x_wconf 81' lang='lat' dir='ltr'>iurationem</span> <span class='ocrx_word' id='word_1_177' title='bbox 520 2304 727 2357; x_wconf 73' lang='lat' dir='ltr'>ailsersarioruu</span> <span class='ocrx_word' id='word_1_178' title='bbox 748 2301 838 2354; x_wconf 86' lang='lat' dir='ltr'>odium</span> <span class='ocrx_word' id='word_1_179' title='bbox 859 2298 998 2368; x_wconf 88' lang='lat' dir='ltr'>politicum</span> <span class='ocrx_word' id='word_1_180' title='bbox 1023 2295 1167 2350; x_wconf 85' lang='lat' dir='ltr'>instilletur</span> 
     </span>
     <span class='ocr_line' id='line_1_24' title="bbox 351 2389 460 2440; baseline -0.009 0"><span class='ocrx_word' id='word_1_181' title='bbox 351 2389 460 2440; x_wconf 88' lang='lat' dir='ltr'>animis.</span> 
     </span>
     <span class='ocr_line' id='line_1_25' title="bbox 299 2465 1170 2536; baseline -0.006 -16"><span class='ocrx_word' id='word_1_182' title='bbox 299 2469 335 2520; x_wconf 76' lang='grc'>29</span> <span class='ocrx_word' id='word_1_183' title='bbox 386 2477 407 2532; x_wconf 79' lang='grc' dir='ltr'>ς.</span> <span class='ocrx_word' id='word_1_184' title='bbox 424 2470 495 2522; x_wconf 86' lang='grc'><strong>3.11.</strong></span> <span class='ocrx_word' id='word_1_185' title='bbox 514 2470 552 2521; x_wconf 77' lang='lat' dir='ltr'>Ad</span> <span class='ocrx_word' id='word_1_186' title='bbox 567 2469 720 2523; x_wconf 76' lang='lat' dir='ltr'>auertendus</span> <span class='ocrx_word' id='word_1_187' title='bbox 734 2467 886 2522; x_wconf 71' lang='lat' dir='ltr'>calumnias</span> <span class='ocrx_word' id='word_1_188' title='bbox 898 2465 981 2536; x_wconf 86' lang='lat' dir='ltr'>quood</span> <span class='ocrx_word' id='word_1_189' title='bbox 996 2479 1111 2518; x_wconf 86' lang='lat' dir='ltr'>snrnrnas</span> <span class='ocrx_word' id='word_1_190' title='bbox 1124 2483 1170 2534; x_wconf 82' lang='lat' dir='ltr'>po·</span> 
     </span>
     <span class='ocr_line' id='line_1_26' title="bbox 352 2548 1170 2623; baseline -0.002 -19"><span class='ocrx_word' id='word_1_191' title='bbox 352 2562 455 2606; x_wconf 78' lang='lat' dir='ltr'>testatos</span> <span class='ocrx_word' id='word_1_192' title='bbox 472 2557 496 2604; x_wconf 91' lang='grc'><strong>1.</strong></span> <span class='ocrx_word' id='word_1_193' title='bbox 509 2565 636 2623; x_wconf 79' lang='lat' dir='ltr'>qnatenus</span> <span class='ocrx_word' id='word_1_194' title='bbox 651 2555 721 2605; x_wconf 86' lang='lat' dir='ltr'>inter</span> <span class='ocrx_word' id='word_1_195' title='bbox 733 2554 804 2622; x_wconf 89' lang='lat' dir='ltr'>ipsas</span> <span class='ocrx_word' id='word_1_196' title='bbox 813 2589 822 2616; x_wconf 93' lang='lat'>,</span> <span class='ocrx_word' id='word_1_197' title='bbox 842 2550 932 2604; x_wconf 80' lang='lat' dir='ltr'>liceret</span> <span class='ocrx_word' id='word_1_198' title='bbox 944 2551 985 2618; x_wconf 85' lang='grc' dir='ltr'>(Ι)</span> <span class='ocrx_word' id='word_1_199' title='bbox 1005 2550 1026 2601; x_wconf 90' lang='lat' dir='ltr'>si</span> <span class='ocrx_word' id='word_1_200' title='bbox 1049 2548 1170 2602; x_wconf 86' lang='lat' dir='ltr'>christia·</span> 
     </span>
     <span class='ocr_line' id='line_1_27' title="bbox 301 2632 1169 2734; baseline -0.006 -45"><span class='ocrx_word' id='word_1_201' title='bbox 301 2684 335 2734; x_wconf 74' lang='lat'>3⁰</span> <span class='ocrx_word' id='word_1_202' title='bbox 352 2654 402 2712; x_wconf 83' lang='lat' dir='ltr'>nas</span> <span class='ocrx_word' id='word_1_203' title='bbox 419 2639 508 2688; x_wconf 85' lang='lat' dir='ltr'>saltem</span> <span class='ocrx_word' id='word_1_204' title='bbox 524 2647 664 2706; x_wconf 89' lang='lat' dir='ltr'>potestates</span> <span class='ocrx_word' id='word_1_205' title='bbox 678 2637 749 2690; x_wconf 87' lang='lat' dir='ltr'>inter</span> <span class='ocrx_word' id='word_1_206' title='bbox 772 2652 799 2687; x_wconf 89' lang='lat' dir='ltr'>se</span> <span class='ocrx_word' id='word_1_207' title='bbox 818 2635 898 2688; x_wconf 89' lang='lat' dir='ltr'>arctis</span> <span class='ocrx_word' id='word_1_208' title='bbox 917 2632 1066 2686; x_wconf 72' lang='lat' dir='ltr'>foederibus</span> <span class='ocrx_word' id='word_1_209' title='bbox 1085 2643 1111 2684; x_wconf 92' lang='lat' dir='ltr'>et</span> <span class='ocrx_word' id='word_1_210' title='bbox 1129 2649 1169 2684; x_wconf 91' lang='lat' dir='ltr'>so-</span> 
     </span>
     <span class='ocr_line' id='line_1_28' title="bbox 300 2719 1171 2807; baseline -0.007 -34"><span class='ocrx_word' id='word_1_211' title='bbox 300 2756 334 2807; x_wconf 73' lang='lat'>3,</span> <span class='ocrx_word' id='word_1_212' title='bbox 353 2720 493 2773; x_wconf 88' lang='lat' dir='ltr'>cietntibus</span> <span class='ocrx_word' id='word_1_213' title='bbox 510 2723 628 2783; x_wconf 85' lang='lat' dir='ltr'>coirent,</span> <span class='ocrx_word' id='word_1_214' title='bbox 648 2738 675 2770; x_wconf 90' lang='lat' dir='ltr'>ea</span> <span class='ocrx_word' id='word_1_215' title='bbox 696 2720 816 2782; x_wconf 75' lang='lat' dir='ltr'>ratione,</span> <span class='ocrx_word' id='word_1_216' title='bbox 835 2729 861 2770; x_wconf 92' lang='lat' dir='ltr'>ut</span> <span class='ocrx_word' id='word_1_217' title='bbox 881 2719 997 2768; x_wconf 83' lang='lat' dir='ltr'>orientes</span> <span class='ocrx_word' id='word_1_218' title='bbox 1022 2723 1171 2768; x_wconf 83' lang='lat' dir='ltr'>controver-</span> 
     </span>
     <span class='ocr_line' id='line_1_29' title="bbox 354 2799 1174 2867; baseline -0.002 -13"><span class='ocrx_word' id='word_1_219' title='bbox 354 2804 409 2854; x_wconf 83' lang='lat' dir='ltr'>aire</span> <span class='ocrx_word' id='word_1_220' title='bbox 426 2803 513 2855; x_wconf 88' lang='lat' dir='ltr'>electis</span> <span class='ocrx_word' id='word_1_221' title='bbox 527 2804 606 2854; x_wconf 89' lang='lat' dir='ltr'>certis</span> <span class='ocrx_word' id='word_1_222' title='bbox 628 2802 737 2854; x_wconf 88' lang='lat' dir='ltr'>arbitris</span> <span class='ocrx_word' id='word_1_223' title='bbox 757 2799 909 2854; x_wconf 85' lang='lat' dir='ltr'>linirentur.</span> <span class='ocrx_word' id='word_1_224' title='bbox 934 2799 1071 2867; x_wconf 81' lang='lat' dir='ltr'>Quomodo</span> <span class='ocrx_word' id='word_1_225' title='bbox 1093 2799 1174 2852; x_wconf 87' lang='lat' dir='ltr'>imbe-</span> 
     </span>
     <span class='ocr_line' id='line_1_30' title="bbox 354 2883 1175 2956; baseline -0.004 -19"><span class='ocrx_word' id='word_1_226' title='bbox 354 2886 470 2938; x_wconf 87' lang='lat' dir='ltr'>cilliores</span> <span class='ocrx_word' id='word_1_227' title='bbox 484 2887 661 2956; x_wconf 87' lang='lat' dir='ltr'>potentiorum</span> <span class='ocrx_word' id='word_1_228' title='bbox 676 2885 902 2953; x_wconf 85' lang='lat' dir='ltr'>oppressiones,et</span> <span class='ocrx_word' id='word_1_229' title='bbox 917 2883 1091 2934; x_wconf 83' lang='lat' dir='ltr'>calumniosas</span> <span class='ocrx_word' id='word_1_230' title='bbox 1103 2899 1175 2950; x_wconf 90' lang='lat' dir='ltr'>prae·</span> 
     </span>
     <span class='ocr_line' id='line_1_31' title="bbox 353 2964 1174 3035; baseline 0.002 -17"><span class='ocrx_word' id='word_1_231' title='bbox 353 2971 485 3020; x_wconf 87' lang='lat' dir='ltr'>tensiones</span> <span class='ocrx_word' id='word_1_232' title='bbox 496 2985 547 3018; x_wconf 93' lang='lat' dir='ltr'>nou</span> <span class='ocrx_word' id='word_1_233' title='bbox 562 2985 629 3035; x_wconf 88' lang='lat' dir='ltr'>opus</span> <span class='ocrx_word' id='word_1_234' title='bbox 643 2967 768 3020; x_wconf 73' lang='lat' dir='ltr'>biberent</span> <span class='ocrx_word' id='word_1_235' title='bbox 782 2964 934 3019; x_wconf 78' lang='lat' dir='ltr'>formidare.</span> <span class='ocrx_word' id='word_1_236' title='bbox 957 2967 1013 3018; x_wconf 82' lang='lat' dir='ltr'>Hoc</span> <span class='ocrx_word' id='word_1_237' title='bbox 1026 2977 1112 3016; x_wconf 89' lang='lat' dir='ltr'>autern</span> <span class='ocrx_word' id='word_1_238' title='bbox 1131 2965 1174 3020; x_wconf 85' lang='lat' dir='ltr'>ds·</span> 
     </span>
     <span class='ocr_line' id='line_1_32' title="bbox 302 3045 1173 3120; baseline 0.002 -22"><span class='ocrx_word' id='word_1_239' title='bbox 302 3047 336 3098; x_wconf 75' lang='lat'>³2</span> <span class='ocrx_word' id='word_1_240' title='bbox 353 3049 460 3102; x_wconf 81' lang='lat' dir='ltr'>finiente</span> <span class='ocrx_word' id='word_1_241' title='bbox 479 3051 518 3120; x_wconf 78' lang='lat'>(2)</span> <span class='ocrx_word' id='word_1_242' title='bbox 536 3051 634 3116; x_wconf 82' lang='lat' dir='ltr'>optimo</span> <span class='ocrx_word' id='word_1_243' title='bbox 649 3053 731 3110; x_wconf 87' lang='lat' dir='ltr'>ratio,</span> <span class='ocrx_word' id='word_1_244' title='bbox 746 3059 775 3100; x_wconf 93' lang='lat' dir='ltr'>nt</span> <span class='ocrx_word' id='word_1_245' title='bbox 789 3049 900 3116; x_wconf 83' lang='lat' dir='ltr'>quisque</span> <span class='ocrx_word' id='word_1_246' title='bbox 913 3057 1038 3114; x_wconf 80' lang='lat' dir='ltr'>quantuni</span> <span class='ocrx_word' id='word_1_247' title='bbox 1055 3045 1114 3100; x_wconf 84' lang='lat' dir='ltr'>lieri</span> <span class='ocrx_word' id='word_1_248' title='bbox 1129 3067 1173 3116; x_wconf 86' lang='lat' dir='ltr'>po·</span> 
     </span>
     <span class='ocr_line' id='line_1_33' title="bbox 351 3129 1174 3205; baseline -0.004 -20"><span class='ocrx_word' id='word_1_249' title='bbox 351 3144 400 3205; x_wconf 87' lang='lat' dir='ltr'>test</span> <span class='ocrx_word' id='word_1_250' title='bbox 414 3136 519 3202; x_wconf 87' lang='lat' dir='ltr'>propria</span> <span class='ocrx_word' id='word_1_251' title='bbox 534 3132 654 3202; x_wconf 84' lang='lat' dir='ltr'>potentia</span> <span class='ocrx_word' id='word_1_252' title='bbox 668 3151 722 3184; x_wconf 86' lang='lat' dir='ltr'>sese</span> <span class='ocrx_word' id='word_1_253' title='bbox 738 3133 936 3184; x_wconf 82' lang='lat' dir='ltr'>iurtniilandum</span> <span class='ocrx_word' id='word_1_254' title='bbox 950 3129 1049 3190; x_wconf 88' lang='lat' dir='ltr'>reddat,</span> <span class='ocrx_word' id='word_1_255' title='bbox 1063 3140 1088 3181; x_wconf 90' lang='lat' dir='ltr'>et</span> <span class='ocrx_word' id='word_1_256' title='bbox 1104 3131 1174 3182; x_wconf 88' lang='lat' dir='ltr'>insu·</span> 
     </span>
     <span class='ocr_line' id='line_1_34' title="bbox 354 3212 1177 3286; baseline -0.001 -18"><span class='ocrx_word' id='word_1_257' title='bbox 354 3234 401 3286; x_wconf 87' lang='lat' dir='ltr'>per</span> <span class='ocrx_word' id='word_1_258' title='bbox 414 3219 514 3282; x_wconf 80' lang='lat' dir='ltr'>cliens,</span> <span class='ocrx_word' id='word_1_259' title='bbox 529 3236 579 3284; x_wconf 89' lang='lat' dir='ltr'>quo</span> <span class='ocrx_word' id='word_1_260' title='bbox 595 3218 714 3285; x_wconf 79' lang='lat' dir='ltr'>pluribus</span> <span class='ocrx_word' id='word_1_261' title='bbox 731 3215 902 3266; x_wconf 87' lang='lat' dir='ltr'>munimentis</span> <span class='ocrx_word' id='word_1_262' title='bbox 925 3215 1046 3278; x_wconf 79' lang='lat' dir='ltr'>insistat,</span> <span class='ocrx_word' id='word_1_263' title='bbox 1062 3229 1108 3283; x_wconf 93' lang='lat' dir='ltr'>per</span> <span class='ocrx_word' id='word_1_264' title='bbox 1125 3212 1177 3266; x_wconf 84' lang='lat' dir='ltr'>ioe-</span> 
     </span>
     <span class='ocr_line' id='line_1_35' title="bbox 350 3291 1176 3359; baseline -0.001 -9"><span class='ocrx_word' id='word_1_265' title='bbox 350 3291 423 3352; x_wconf 77' lang='lat' dir='ltr'>itera.</span> <span class='ocrx_word' id='word_1_266' title='bbox 440 3301 475 3353; x_wconf 89' lang='lat' dir='ltr'>lta</span> <span class='ocrx_word' id='word_1_267' title='bbox 488 3303 560 3354; x_wconf 80' lang='lat' dir='ltr'>enirn</span> <span class='ocrx_word' id='word_1_268' title='bbox 580 3300 723 3356; x_wconf 65' lang='lat' dir='ltr'>aniversarii</span> <span class='ocrx_word' id='word_1_269' title='bbox 748 3309 839 3351; x_wconf 86' lang='lat' dir='ltr'>mutuo</span> <span class='ocrx_word' id='word_1_270' title='bbox 859 3306 928 3349; x_wconf 88' lang='lat' dir='ltr'>metu</span> <span class='ocrx_word' id='word_1_271' title='bbox 949 3295 1176 3359; x_wconf 88' lang='lat' dir='ltr'>continebuntur,</span> 
     </span>
     <span class='ocr_line' id='line_1_36' title="bbox 354 3380 1175 3454; baseline -0.005 -20"><span class='ocrx_word' id='word_1_272' title='bbox 354 3401 387 3435; x_wconf 89' lang='lat' dir='ltr'>ne</span> <span class='ocrx_word' id='word_1_273' title='bbox 406 3385 499 3450; x_wconf 82' lang='lat' dir='ltr'>injusta</span> <span class='ocrx_word' id='word_1_274' title='bbox 518 3395 626 3454; x_wconf 82' lang='lat' dir='ltr'>petant,</span> <span class='ocrx_word' id='word_1_275' title='bbox 645 3395 669 3436; x_wconf 90' lang='lat' dir='ltr'>et</span> <span class='ocrx_word' id='word_1_276' title='bbox 691 3387 714 3435; x_wconf 88' lang='lat' dir='ltr'>ai</span> <span class='ocrx_word' id='word_1_277' title='bbox 744 3391 849 3452; x_wconf 86' lang='lat' dir='ltr'>reptent</span> <span class='ocrx_word' id='word_1_278' title='bbox 884 3388 1106 3448; x_wconf 73' lang='lat' dir='ltr'>perseverentque</span> <span class='ocrx_word' id='word_1_279' title='bbox 1125 3380 1175 3432; x_wconf 89' lang='lat' dir='ltr'>ini-</span> 
     </span>
     <span class='ocr_line' id='line_1_37' title="bbox 303 3455 1176 3536; baseline -0.006 -15"><span class='ocrx_word' id='word_1_280' title='bbox 303 3471 337 3521; x_wconf 78' lang='lat'>³³</span> <span class='ocrx_word' id='word_1_281' title='bbox 356 3486 404 3536; x_wconf 84' lang='lat' dir='ltr'>qua</span> <span class='ocrx_word' id='word_1_282' title='bbox 424 3485 541 3536; x_wconf 83' lang='lat' dir='ltr'>poscere,</span> <span class='ocrx_word' id='word_1_283' title='bbox 563 3455 743 3534; x_wconf 75' lang='lat' dir='ltr'>justis&#39;arrnis</span> <span class='ocrx_word' id='word_1_284' title='bbox 773 3467 939 3532; x_wconf 88' lang='lat' dir='ltr'>repellentur.</span> <span class='ocrx_word' id='word_1_285' title='bbox 969 3463 995 3514; x_wconf 72' lang='grc'>2.</span> <span class='ocrx_word' id='word_1_286' title='bbox 1020 3475 1176 3531; x_wconf 87' lang='lat' dir='ltr'>quntenusa</span> 
     </span>
     <span class='ocr_line' id='line_1_38' title="bbox 356 3549 1176 3624; baseline -0.004 -21"><span class='ocrx_word' id='word_1_287' title='bbox 356 3552 522 3624; x_wconf 81' lang='lat' dir='ltr'>subditorum</span> <span class='ocrx_word' id='word_1_288' title='bbox 541 3553 685 3603; x_wconf 86' lang='lat' dir='ltr'>cslurnniis</span> <span class='ocrx_word' id='word_1_289' title='bbox 704 3568 760 3601; x_wconf 82' lang='lat' dir='ltr'>sese</span> <span class='ocrx_word' id='word_1_290' title='bbox 780 3559 847 3603; x_wconf 86' lang='lat' dir='ltr'>tutus</span> <span class='ocrx_word' id='word_1_291' title='bbox 866 3549 975 3601; x_wconf 86' lang='lat' dir='ltr'>reddere</span> <span class='ocrx_word' id='word_1_292' title='bbox 999 3557 1115 3616; x_wconf 85' lang='lat' dir='ltr'>queant,</span> <span class='ocrx_word' id='word_1_293' title='bbox 1133 3565 1176 3602; x_wconf 77' lang='lat' dir='ltr'>ex·</span> 
     </span>
     <span class='ocr_line' id='line_1_39' title="bbox 300 3627 1173 3702; baseline -0.001 -19"><span class='ocrx_word' id='word_1_294' title='bbox 300 3627 303 3634; x_wconf 51' lang='lat'><strong>⁴</strong></span> <span class='ocrx_word' id='word_1_295' title='bbox 355 3634 458 3702; x_wconf 77' lang='lat' dir='ltr'>peiliet,</span> <span class='ocrx_word' id='word_1_296' title='bbox 478 3637 499 3686; x_wconf 89' lang='lat' dir='ltr'>si</span> <span class='ocrx_word' id='word_1_297' title='bbox 520 3653 635 3688; x_wconf 81' lang='lat' dir='ltr'>amorem</span> <span class='ocrx_word' id='word_1_298' title='bbox 657 3636 737 3685; x_wconf 87' lang='lat' dir='ltr'>simul</span> <span class='ocrx_word' id='word_1_299' title='bbox 756 3649 778 3686; x_wconf 88' lang='lat' dir='ltr'>et</span> <span class='ocrx_word' id='word_1_300' title='bbox 800 3631 959 3686; x_wconf 79' lang='lat' dir='ltr'>reverentiae</span> <span class='ocrx_word' id='word_1_301' title='bbox 991 3645 1089 3684; x_wconf 76' lang='lat' dir='ltr'>meturn</span> <span class='ocrx_word' id='word_1_302' title='bbox 1122 3633 1173 3684; x_wconf 83' lang='lat' dir='ltr'>sihi</span> 
     </span>
     <span class='ocr_line' id='line_1_40' title="bbox 355 3712 1174 3780; baseline 0.001 -17"><span class='ocrx_word' id='word_1_303' title='bbox 355 3716 384 3763; x_wconf 91' lang='lat' dir='ltr'>in</span> <span class='ocrx_word' id='word_1_304' title='bbox 404 3718 579 3780; x_wconf 81' lang='lat' dir='ltr'>subjectorum</span> <span class='ocrx_word' id='word_1_305' title='bbox 600 3717 697 3766; x_wconf 67' lang='lat' dir='ltr'>arctioris</span> <span class='ocrx_word' id='word_1_306' title='bbox 716 3715 856 3766; x_wconf 84' lang='lat' dir='ltr'>concilient</span> <span class='ocrx_word' id='word_1_307' title='bbox 873 3714 925 3765; x_wconf 81' lang='lat' dir='ltr'>siti.</span> <span class='ocrx_word' id='word_1_308' title='bbox 947 3712 1037 3764; x_wconf 86' lang='lat' dir='ltr'>Didae.</span> <span class='ocrx_word' id='word_1_309' title='bbox 1054 3714 1174 3766; x_wconf 88' lang='lat' dir='ltr'>Saasedr.</span> 
     </span>
     <span class='ocr_line' id='line_1_41' title="bbox 355 3796 1174 3867; baseline 0.001 -18"><span class='ocrx_word' id='word_1_310' title='bbox 355 3799 442 3867; x_wconf 80' lang='lat' dir='ltr'>aymb-</span> <span class='ocrx_word' id='word_1_311' title='bbox 456 3802 499 3850; x_wconf 83' lang='grc'>38.</span> <span class='ocrx_word' id='word_1_312' title='bbox 524 3802 567 3852; x_wconf 86' lang='lat' dir='ltr'>uhi</span> <span class='ocrx_word' id='word_1_313' title='bbox 590 3799 725 3851; x_wconf 85' lang='lat' dir='ltr'>concludit</span> <span class='ocrx_word' id='word_1_314' title='bbox 749 3800 791 3848; x_wconf 87' lang='lat' dir='ltr'>his</span> <span class='ocrx_word' id='word_1_315' title='bbox 811 3799 912 3851; x_wconf 86' lang='lat' dir='ltr'>verbis:</span> <span class='ocrx_word' id='word_1_316' title='bbox 931 3796 992 3864; x_wconf 90' lang='lat' dir='ltr'>quia</span> <span class='ocrx_word' id='word_1_317' title='bbox 1011 3807 1097 3848; x_wconf 87' lang='lat' dir='ltr'>tarnsn</span> <span class='ocrx_word' id='word_1_318' title='bbox 1123 3815 1174 3850; x_wconf 88' lang='lat' dir='ltr'>oon</span> 
     </span>
     <span class='ocr_line' id='line_1_42' title="bbox 359 3883 1174 3951; baseline 0.001 -19"><span class='ocrx_word' id='word_1_319' title='bbox 359 3899 438 3950; x_wconf 83' lang='lat' dir='ltr'>aeque</span> <span class='ocrx_word' id='word_1_320' title='bbox 451 3894 487 3933; x_wconf 94' lang='lat' dir='ltr'>est</span> <span class='ocrx_word' id='word_1_321' title='bbox 502 3885 528 3934; x_wconf 92' lang='lat' dir='ltr'>io</span> <span class='ocrx_word' id='word_1_322' title='bbox 543 3891 670 3950; x_wconf 73' lang='lat' dir='ltr'>potestate</span> <span class='ocrx_word' id='word_1_323' title='bbox 684 3883 816 3951; x_wconf 78' lang='lat' dir='ltr'>principis</span> <span class='ocrx_word' id='word_1_324' title='bbox 830 3893 859 3932; x_wconf 94' lang='lat' dir='ltr'>ut</span> <span class='ocrx_word' id='word_1_325' title='bbox 876 3891 978 3931; x_wconf 80' lang='lat' dir='ltr'>emetiar</span> <span class='ocrx_word' id='word_1_326' title='bbox 990 3890 1014 3933; x_wconf 93' lang='lat' dir='ltr'>et</span> <span class='ocrx_word' id='word_1_327' title='bbox 1029 3889 1174 3950; x_wconf 83' lang='lat' dir='ltr'>metuatur,</span> 
     </span>
     <span class='ocr_line' id='line_1_43' title="bbox 358 3964 1175 4028; baseline 0.005 -14"><span class='ocrx_word' id='word_1_328' title='bbox 358 3965 419 4016; x_wconf 90' lang='lat' dir='ltr'>ideo</span> <span class='ocrx_word' id='word_1_329' title='bbox 438 3967 598 4026; x_wconf 81' lang='lat' dir='ltr'>meliorest,</span> <span class='ocrx_word' id='word_1_330' title='bbox 619 3967 784 4018; x_wconf 82' lang='lat' dir='ltr'>securitatem</span> <span class='ocrx_word' id='word_1_331' title='bbox 806 3982 878 4015; x_wconf 86' lang='lat' dir='ltr'>suam</span> <span class='ocrx_word' id='word_1_332' title='bbox 899 3967 926 4014; x_wconf 92' lang='lat' dir='ltr'>in</span> <span class='ocrx_word' id='word_1_333' title='bbox 947 3965 995 4016; x_wconf 87' lang='lat' dir='ltr'>hoo</span> <span class='ocrx_word' id='word_1_334' title='bbox 1013 3964 1119 4028; x_wconf 87' lang='lat' dir='ltr'>timore,</span> <span class='ocrx_word' id='word_1_335' title='bbox 1137 3983 1175 4018; x_wconf 93' lang='lat' dir='ltr'>re·</span> 
     </span>
     <span class='ocr_line' id='line_1_44' title="bbox 360 4046 1176 4118; baseline -0.002 -17"><span class='ocrx_word' id='word_1_336' title='bbox 360 4051 491 4102; x_wconf 84' lang='lat' dir='ltr'>serentino</span> <span class='ocrx_word' id='word_1_337' title='bbox 511 4050 579 4108; x_wconf 82' lang='lat' dir='ltr'>scil..</span> <span class='ocrx_word' id='word_1_338' title='bbox 599 4048 726 4109; x_wconf 77' lang='lat' dir='ltr'>fundare,</span> <span class='ocrx_word' id='word_1_339' title='bbox 746 4065 824 4112; x_wconf 82' lang='lat' dir='ltr'>quum</span> <span class='ocrx_word' id='word_1_340' title='bbox 842 4047 870 4098; x_wconf 92' lang='lat' dir='ltr'>io</span> <span class='ocrx_word' id='word_1_341' title='bbox 891 4046 944 4098; x_wconf 91' lang='lat' dir='ltr'>solo</span> <span class='ocrx_word' id='word_1_342' title='bbox 956 4063 1061 4110; x_wconf 89' lang='lat' dir='ltr'>amore,</span> <span class='ocrx_word' id='word_1_343' title='bbox 1079 4049 1125 4118; x_wconf 90' lang='lat' dir='ltr'>qui</span> <span class='ocrx_word' id='word_1_344' title='bbox 1139 4057 1176 4100; x_wconf 94' lang='lat' dir='ltr'>ut-</span> 
     </span>
     <span class='ocr_line' id='line_1_45' title="bbox 357 4131 1177 4203; baseline -0.001 -19"><span class='ocrx_word' id='word_1_345' title='bbox 357 4143 418 4203; x_wconf 90' lang='lat' dir='ltr'>pote</span> <span class='ocrx_word' id='word_1_346' title='bbox 436 4134 571 4184; x_wconf 76' lang='lat' dir='ltr'>uoluntatis</span> <span class='ocrx_word' id='word_1_347' title='bbox 584 4135 669 4202; x_wconf 85' lang='lat' dir='ltr'>proles</span> <span class='ocrx_word' id='word_1_348' title='bbox 685 4135 836 4184; x_wconf 67' lang='lat' dir='ltr'>inconstans</span> <span class='ocrx_word' id='word_1_349' title='bbox 850 4141 901 4195; x_wconf 88' lang='lat' dir='ltr'>est,</span> <span class='ocrx_word' id='word_1_350' title='bbox 916 4141 943 4182; x_wconf 93' lang='lat' dir='ltr'>et</span> <span class='ocrx_word' id='word_1_351' title='bbox 968 4131 1075 4191; x_wconf 79' lang='lat' dir='ltr'>sarissa,</span> <span class='ocrx_word' id='word_1_352' title='bbox 1094 4148 1177 4200; x_wconf 90' lang='lat' dir='ltr'>neque</span> 
     </span>
     <span class='ocr_line' id='line_1_46' title="bbox 358 4210 1177 4280; baseline 0.002 -14"><span class='ocrx_word' id='word_1_353' title='bbox 358 4217 425 4268; x_wconf 88' lang='lat' dir='ltr'>ullae</span> <span class='ocrx_word' id='word_1_354' title='bbox 436 4213 589 4268; x_wconf 71' lang='lat' dir='ltr'>blandiendi</span> <span class='ocrx_word' id='word_1_355' title='bbox 602 4225 671 4266; x_wconf 84' lang='lat' dir='ltr'>urtes</span> <span class='ocrx_word' id='word_1_356' title='bbox 685 4210 807 4264; x_wconf 81' lang='lat' dir='ltr'>sulficere</span> <span class='ocrx_word' id='word_1_357' title='bbox 821 4222 928 4280; x_wconf 83' lang='lat' dir='ltr'>possunt</span> <span class='ocrx_word' id='word_1_358' title='bbox 941 4213 974 4264; x_wconf 79' lang='lat' dir='ltr'>acl</span> <span class='ocrx_word' id='word_1_359' title='bbox 994 4211 1100 4266; x_wconf 81' lang='lat' dir='ltr'>affectus</span> <span class='ocrx_word' id='word_1_360' title='bbox 1122 4231 1177 4268; x_wconf 85' lang='lat' dir='ltr'>out·</span> 
     </span>
     <span class='ocr_line' id='line_1_47' title="bbox 359 4295 1176 4366; baseline -0.002 -16"><span class='ocrx_word' id='word_1_361' title='bbox 359 4301 432 4350; x_wconf 90' lang='lat' dir='ltr'>nium</span> <span class='ocrx_word' id='word_1_362' title='bbox 453 4298 639 4348; x_wconf 80' lang='lat' dir='ltr'>conciliandos.</span> <span class='ocrx_word' id='word_1_363' title='bbox 660 4297 737 4348; x_wconf 85' lang='lat' dir='ltr'>lllum</span> <span class='ocrx_word' id='word_1_364' title='bbox 751 4295 896 4364; x_wconf 87' lang='lat' dir='ltr'>principem</span> <span class='ocrx_word' id='word_1_365' title='bbox 918 4311 1039 4362; x_wconf 87' lang='lat' dir='ltr'>magnum</span> <span class='ocrx_word' id='word_1_366' title='bbox 1068 4312 1114 4363; x_wconf 87' lang='lat' dir='ltr'>ego</span> <span class='ocrx_word' id='word_1_367' title='bbox 1132 4313 1176 4366; x_wconf 90' lang='lat' dir='ltr'>gu·</span> 
     </span>
     <span class='ocr_line' id='line_1_48' title="bbox 357 4376 1177 4446; baseline -0.01 -12"><span class='ocrx_word' id='word_1_368' title='bbox 357 4381 522 4446; x_wconf 49' lang='lat' dir='ltr'>,bernatorum</span> <span class='ocrx_word' id='word_1_369' title='bbox 537 4381 760 4440; x_wconf 74' lang='lat' dir='ltr'>existimauerim,</span> <span class='ocrx_word' id='word_1_370' title='bbox 779 4395 857 4444; x_wconf 87' lang='lat' dir='ltr'>quem</span> <span class='ocrx_word' id='word_1_371' title='bbox 870 4377 955 4430; x_wconf 81' lang='lat' dir='ltr'>risum</span> <span class='ocrx_word' id='word_1_372' title='bbox 972 4377 1108 4428; x_wconf 85' lang='lat' dir='ltr'>timuerint</span> <span class='ocrx_word' id='word_1_373' title='bbox 1119 4376 1177 4428; x_wconf 90' lang='lat' dir='ltr'>sub-</span> 
     </span>
     <span class='ocr_line' id='line_1_49' title="bbox 310 4459 1174 4538; baseline -0.002 -22"><span class='ocrx_word' id='word_1_374' title='bbox 310 4459 427 4538; x_wconf 59' lang='lat' dir='ltr'>illiliti,</span> <span class='ocrx_word' id='word_1_375' title='bbox 448 4469 562 4520; x_wconf 81' lang='lat' dir='ltr'>ensuriut</span> <span class='ocrx_word' id='word_1_376' title='bbox 582 4480 719 4518; x_wconf 86' lang='lat' dir='ltr'>mortuum.</span> <span class='ocrx_word' id='word_1_377' title='bbox 739 4462 900 4516; x_wconf 76' lang='lat' dir='ltr'>conciliabit</span> <span class='ocrx_word' id='word_1_378' title='bbox 919 4471 1005 4515; x_wconf 90' lang='lat' dir='ltr'>autem</span> <span class='ocrx_word' id='word_1_379' title='bbox 1026 4461 1078 4513; x_wconf 89' lang='lat' dir='ltr'>sibi</span> <span class='ocrx_word' id='word_1_380' title='bbox 1105 4480 1174 4514; x_wconf 85' lang='lat' dir='ltr'>arno·</span> 
     </span>
     <span class='ocr_line' id='line_1_50' title="bbox 361 4547 1175 4616; baseline -0.002 -16"><span class='ocrx_word' id='word_1_381' title='bbox 361 4567 415 4602; x_wconf 85' lang='lat' dir='ltr'>rens</span> <span class='ocrx_word' id='word_1_382' title='bbox 435 4561 458 4602; x_wconf 94' lang='lat' dir='ltr'>et</span> <span class='ocrx_word' id='word_1_383' title='bbox 481 4551 653 4603; x_wconf 84' lang='lat' dir='ltr'>rescrerttiuru</span> <span class='ocrx_word' id='word_1_384' title='bbox 676 4550 800 4616; x_wconf 86' lang='lat' dir='ltr'>princeps</span> <span class='ocrx_word' id='word_1_385' title='bbox 821 4547 930 4614; x_wconf 89' lang='lat' dir='ltr'>inprirn.</span> <span class='ocrx_word' id='word_1_386' title='bbox 950 4547 1093 4615; x_wconf 72' lang='lat' dir='ltr'>religione,</span> <span class='ocrx_word' id='word_1_387' title='bbox 1112 4547 1175 4598; x_wconf 88' lang='lat' dir='ltr'>libe·</span> 
     </span>
     <span class='ocr_line' id='line_1_51' title="bbox 358 4631 1176 4702; baseline -0.006 -15"><span class='ocrx_word' id='word_1_388' title='bbox 358 4637 459 4702; x_wconf 34' lang='lat' dir='ltr'>,ritune</span> <span class='ocrx_word' id='word_1_389' title='bbox 477 4646 503 4688; x_wconf 90' lang='lat' dir='ltr'>et</span> <span class='ocrx_word' id='word_1_390' title='bbox 522 4638 630 4702; x_wconf 82' lang='lat' dir='ltr'>justitia.</span> <span class='ocrx_word' id='word_1_391' title='bbox 652 4635 714 4684; x_wconf 87' lang='lat' dir='ltr'>Did.</span> <span class='ocrx_word' id='word_1_392' title='bbox 734 4633 857 4684; x_wconf 84' lang='lat' dir='ltr'>Saaredr.</span> <span class='ocrx_word' id='word_1_393' title='bbox 886 4632 913 4683; x_wconf 86' lang='lat' dir='ltr'>el.</span> <span class='ocrx_word' id='word_1_394' title='bbox 938 4632 1020 4700; x_wconf 74' lang='lat' dir='ltr'>symb.</span> <span class='ocrx_word' id='word_1_395' title='bbox 1045 4633 1090 4683; x_wconf 80' lang='lat'>38.</span> <span class='ocrx_word' id='word_1_396' title='bbox 1112 4631 1176 4684; x_wconf 82' lang='lat' dir='ltr'>Naro</span> 
     </span>
     <span class='ocr_line' id='line_1_52' title="bbox 360 4713 1175 4788; baseline -0.007 -14"><span class='ocrx_word' id='word_1_397' title='bbox 360 4721 410 4774; x_wconf 89' lang='lat' dir='ltr'>ulia</span> <span class='ocrx_word' id='word_1_398' title='bbox 429 4721 537 4788; x_wconf 86' lang='lat' dir='ltr'>insuper</span> <span class='ocrx_word' id='word_1_399' title='bbox 558 4721 738 4788; x_wconf 78' lang='lat' dir='ltr'>requiruntur,</span> <span class='ocrx_word' id='word_1_400' title='bbox 757 4719 789 4767; x_wconf 87' lang='lat' dir='ltr'>de</span> <span class='ocrx_word' id='word_1_401' title='bbox 808 4716 879 4785; x_wconf 59' lang='lat' dir='ltr'>quib,</span> <span class='ocrx_word' id='word_1_402' title='bbox 910 4732 943 4767; x_wconf 83' lang='lat' dir='ltr'>ex</span> <span class='ocrx_word' id='word_1_403' title='bbox 971 4713 1088 4784; x_wconf 80' lang='lat' dir='ltr'>prolesso</span> <span class='ocrx_word' id='word_1_404' title='bbox 1121 4723 1175 4768; x_wconf 90' lang='lat' dir='ltr'>tra·</span> 
     </span>
     <span class='ocr_line' id='line_1_53' title="bbox 363 4797 1179 4870; baseline -0.004 -14"><span class='ocrx_word' id='word_1_405' title='bbox 363 4815 428 4856; x_wconf 82' lang='lat' dir='ltr'>ctnnt</span> <span class='ocrx_word' id='word_1_406' title='bbox 441 4803 467 4856; x_wconf 82' lang='lat' dir='ltr'>cl.</span> <span class='ocrx_word' id='word_1_407' title='bbox 482 4801 541 4855; x_wconf 77' lang='lat' dir='ltr'>lot.</span> <span class='ocrx_word' id='word_1_408' title='bbox 555 4804 614 4856; x_wconf 85' lang='lat' dir='ltr'>Job.</span> <span class='ocrx_word' id='word_1_409' title='bbox 629 4803 745 4866; x_wconf 83' lang='lat' dir='ltr'>Martio,</span> <span class='ocrx_word' id='word_1_410' title='bbox 760 4801 793 4854; x_wconf 85' lang='lat' dir='ltr'>de</span> <span class='ocrx_word' id='word_1_411' title='bbox 805 4819 859 4870; x_wconf 74' lang='lat' dir='ltr'>reg.</span> <span class='ocrx_word' id='word_1_412' title='bbox 872 4813 897 4854; x_wconf 84' lang='lat' dir='ltr'>et</span> <span class='ocrx_word' id='word_1_413' title='bbox 909 4818 963 4869; x_wconf 82' lang='lat' dir='ltr'>reg.</span> <span class='ocrx_word' id='word_1_414' title='bbox 982 4799 1067 4852; x_wconf 80' lang='lat' dir='ltr'>instit.</span> <span class='ocrx_word' id='word_1_415' title='bbox 1081 4797 1179 4869; x_wconf 90' lang='lat' dir='ltr'>aliique</span> 
     </span>
     <span class='ocr_line' id='line_1_54' title="bbox 364 4886 678 4955; baseline -0.01 -19"><span class='ocrx_word' id='word_1_416' title='bbox 364 4886 473 4955; x_wconf 87' lang='lat' dir='ltr'>plurimi</span> <span class='ocrx_word' id='word_1_417' title='bbox 489 4886 619 4954; x_wconf 84' lang='lat' dir='ltr'>politices.</span> <span class='ocrx_word' id='word_1_418' title='bbox 635 4887 678 4934; x_wconf 80' lang='lat' dir='ltr'>ild·</span> 
     </span>
     <span class='ocr_line' id='line_1_55' title="bbox 398 4965 1176 5038; baseline -0.001 -17"><span class='ocrx_word' id='word_1_419' title='bbox 398 4977 419 5031; x_wconf 71' lang='lat' dir='ltr'>t.</span> <span class='ocrx_word' id='word_1_420' title='bbox 445 4969 469 5022; x_wconf 85' lang='lat' dir='ltr'>l.</span> <span class='ocrx_word' id='word_1_421' title='bbox 488 4969 611 5038; x_wconf 84' lang='lat' dir='ltr'>Denique</span> <span class='ocrx_word' id='word_1_422' title='bbox 639 4968 685 5020; x_wconf 90' lang='lat' dir='ltr'>lll.</span> <span class='ocrx_word' id='word_1_423' title='bbox 708 4967 857 5022; x_wconf 75' lang='lat' dir='ltr'>Videndum</span> <span class='ocrx_word' id='word_1_424' title='bbox 889 4969 922 5021; x_wconf 87' lang='lat' dir='ltr'>de</span> <span class='ocrx_word' id='word_1_425' title='bbox 941 4965 1064 5022; x_wconf 88' lang='lat' dir='ltr'>remediis</span> <span class='ocrx_word' id='word_1_426' title='bbox 1084 4977 1176 5021; x_wconf 92' lang='lat' dir='ltr'>contra</span> 
     </span>
     <span class='ocr_line' id='line_1_56' title="bbox 310 5033 1179 5124; baseline 0 -18"><span class='ocrx_word' id='word_1_427' title='bbox 310 5033 345 5084; x_wconf 70' lang='lat'>³5</span> <span class='ocrx_word' id='word_1_428' title='bbox 362 5058 523 5124; x_wconf 80' lang='lat' dir='ltr'>privatorum</span> <span class='ocrx_word' id='word_1_429' title='bbox 542 5053 687 5108; x_wconf 88' lang='lat' dir='ltr'>calumnias</span> <span class='ocrx_word' id='word_1_430' title='bbox 708 5055 780 5106; x_wconf 90' lang='lat' dir='ltr'>inter</span> <span class='ocrx_word' id='word_1_431' title='bbox 807 5055 885 5122; x_wconf 90' lang='lat' dir='ltr'>ipsos.</span> <span class='ocrx_word' id='word_1_432' title='bbox 918 5053 1053 5108; x_wconf 79' lang='lat' dir='ltr'>Prioribus</span> <span class='ocrx_word' id='word_1_433' title='bbox 1083 5055 1179 5108; x_wconf 90' lang='lat' dir='ltr'>seculis</span> 
     </span>
     <span class='ocr_line' id='line_1_57' title="bbox 364 5136 1179 5207; baseline 0.004 -21"><span class='ocrx_word' id='word_1_434' title='bbox 364 5137 436 5192; x_wconf 81' lang='lat' dir='ltr'>selda</span> <span class='ocrx_word' id='word_1_435' title='bbox 454 5136 576 5207; x_wconf 77' lang='lat' dir='ltr'>frequens</span> <span class='ocrx_word' id='word_1_436' title='bbox 595 5137 646 5189; x_wconf 83' lang='lat' dir='ltr'>tun</span> <span class='ocrx_word' id='word_1_437' title='bbox 665 5138 732 5190; x_wconf 90' lang='lat' dir='ltr'>inter</span> <span class='ocrx_word' id='word_1_438' title='bbox 750 5137 898 5192; x_wconf 88' lang='lat' dir='ltr'>Germanos</span> <span class='ocrx_word' id='word_1_439' title='bbox 910 5146 935 5188; x_wconf 91' lang='lat' dir='ltr'>et</span> <span class='ocrx_word' id='word_1_440' title='bbox 949 5138 981 5187; x_wconf 75' lang='lat' dir='ltr'>als</span> <span class='ocrx_word' id='word_1_441' title='bbox 993 5137 1058 5204; x_wconf 90' lang='lat' dir='ltr'>ipsis</span> <span class='ocrx_word' id='word_1_442' title='bbox 1072 5137 1179 5189; x_wconf 87' lang='lat' dir='ltr'>senien-</span> 
     </span>
     <span class='ocr_line' id='line_1_58' title="bbox 363 5218 1177 5294; baseline 0.004 -24"><span class='ocrx_word' id='word_1_443' title='bbox 363 5228 401 5271; x_wconf 90' lang='lat' dir='ltr'>tea</span> <span class='ocrx_word' id='word_1_444' title='bbox 420 5219 546 5294; x_wconf 87' lang='lat' dir='ltr'>populos,</span> <span class='ocrx_word' id='word_1_445' title='bbox 564 5221 621 5272; x_wconf 89' lang='lat' dir='ltr'>loco</span> <span class='ocrx_word' id='word_1_446' title='bbox 638 5219 794 5287; x_wconf 75' lang='lat' dir='ltr'>judiciorum</span> <span class='ocrx_word' id='word_1_447' title='bbox 815 5219 1006 5274; x_wconf 87' lang='lat' dir='ltr'>controsersiaa</span> <span class='ocrx_word' id='word_1_448' title='bbox 1032 5219 1126 5273; x_wconf 91' lang='lat' dir='ltr'>duellis</span> <span class='ocrx_word' id='word_1_449' title='bbox 1146 5218 1177 5272; x_wconf 86' lang='lat' dir='ltr'>li·</span> 
     </span>
     <span class='ocr_line' id='line_1_59' title="bbox 363 5303 1178 5373; baseline 0.002 -19"><span class='ocrx_word' id='word_1_450' title='bbox 363 5304 430 5355; x_wconf 89' lang='lat' dir='ltr'>nire.</span> <span class='ocrx_word' id='word_1_451' title='bbox 449 5303 506 5356; x_wconf 87' lang='lat' dir='ltr'>Imn</span> <span class='ocrx_word' id='word_1_452' title='bbox 523 5303 556 5355; x_wconf 80' lang='lat' dir='ltr'>ab</span> <span class='ocrx_word' id='word_1_453' title='bbox 575 5305 642 5372; x_wconf 84' lang='lat' dir='ltr'>ipsis</span> <span class='ocrx_word' id='word_1_454' title='bbox 659 5305 789 5372; x_wconf 84' lang='lat' dir='ltr'>judicibus</span> <span class='ocrx_word' id='word_1_455' title='bbox 807 5305 948 5373; x_wconf 81' lang='lat' dir='ltr'>aliquando</span> <span class='ocrx_word' id='word_1_456' title='bbox 967 5303 1085 5356; x_wconf 87' lang='lat' dir='ltr'>medium</span> <span class='ocrx_word' id='word_1_457' title='bbox 1106 5304 1178 5358; x_wconf 87' lang='lat' dir='ltr'>istud</span> 
     </span>
     <span class='ocr_line' id='line_1_60' title="bbox 311 5387 1178 5459; baseline 0.01 -22"><span class='ocrx_word' id='word_1_458' title='bbox 311 5387 506 5455; x_wconf 66' lang='lat' dir='ltr'>dijudicatum</span> <span class='ocrx_word' id='word_1_459' title='bbox 526 5388 651 5459; x_wconf 85' lang='lat' dir='ltr'>probandi</span> <span class='ocrx_word' id='word_1_460' title='bbox 670 5391 767 5441; x_wconf 87' lang='lat' dir='ltr'>occulta</span> <span class='ocrx_word' id='word_1_461' title='bbox 788 5401 810 5442; x_wconf 90' lang='lat' dir='ltr'>et</span> <span class='ocrx_word' id='word_1_462' title='bbox 830 5391 856 5440; x_wconf 89' lang='lat' dir='ltr'>in</span> <span class='ocrx_word' id='word_1_463' title='bbox 875 5389 981 5457; x_wconf 80' lang='lat' dir='ltr'>judiciis</span> <span class='ocrx_word' id='word_1_464' title='bbox 1002 5401 1108 5457; x_wconf 85' lang='lat' dir='ltr'>negata,</span> <span class='ocrx_word' id='word_1_465' title='bbox 1127 5407 1178 5459; x_wconf 87' lang='lat' dir='ltr'>qno</span> 
     </span>
     <span class='ocr_line' id='line_1_61' title="bbox 363 5471 1176 5540; baseline 0.007 -18"><span class='ocrx_word' id='word_1_466' title='bbox 363 5471 503 5534; x_wconf 85' lang='lat' dir='ltr'>calumniis</span> <span class='ocrx_word' id='word_1_467' title='bbox 521 5477 557 5526; x_wconf 93' lang='lat' dir='ltr'>ita</span> <span class='ocrx_word' id='word_1_468' title='bbox 575 5473 755 5526; x_wconf 83' lang='lat' dir='ltr'>obsisteretnr·</span> <span class='ocrx_word' id='word_1_469' title='bbox 775 5473 854 5540; x_wconf 83' lang='lat' dir='ltr'>Cujus</span> <span class='ocrx_word' id='word_1_470' title='bbox 879 5474 918 5524; x_wconf 89' lang='lat' dir='ltr'>rei</span> <span class='ocrx_word' id='word_1_471' title='bbox 942 5473 1092 5540; x_wconf 76' lang='lat' dir='ltr'>exemplum</span> <span class='ocrx_word' id='word_1_472' title='bbox 1122 5491 1176 5528; x_wconf 87' lang='lat' dir='ltr'>ms·</span> 
     </span>
     <span class='ocr_line' id='line_1_62' title="bbox 311 5557 1179 5653; baseline 0.001 -43"><span class='ocrx_word' id='word_1_473' title='bbox 311 5602 346 5653; x_wconf 67' lang='lat'>33</span> <span class='ocrx_word' id='word_1_474' title='bbox 366 5559 493 5612; x_wconf 88' lang='lat' dir='ltr'>morabilo</span> <span class='ocrx_word' id='word_1_475' title='bbox 511 5569 598 5611; x_wconf 89' lang='lat' dir='ltr'>narrat</span> <span class='ocrx_word' id='word_1_476' title='bbox 617 5557 750 5610; x_wconf 75' lang='lat' dir='ltr'>Frossarrl.</span> <span class='ocrx_word' id='word_1_477' title='bbox 766 5558 813 5611; x_wconf 84' lang='lat' dir='ltr'>lib.</span> <span class='ocrx_word' id='word_1_478' title='bbox 828 5559 851 5608; x_wconf 82' lang='lat'>³.</span> <span class='ocrx_word' id='word_1_479' title='bbox 877 5559 939 5613; x_wconf 83' lang='lat' dir='ltr'>dist.</span> <span class='ocrx_word' id='word_1_480' title='bbox 964 5557 1032 5623; x_wconf 80' lang='lat' dir='ltr'>gall.</span> <span class='ocrx_word' id='word_1_481' title='bbox 1049 5557 1179 5623; x_wconf 82' lang='lat' dir='ltr'>evenisse,</span> 
     </span>
     <span class='ocr_line' id='line_1_63' title="bbox 366 5638 1180 5708; baseline -0.001 -17"><span class='ocrx_word' id='word_1_482' title='bbox 366 5648 395 5691; x_wconf 90' lang='lat' dir='ltr'>ut</span> <span class='ocrx_word' id='word_1_483' title='bbox 415 5639 511 5693; x_wconf 82' lang='lat' dir='ltr'>nobilis</span> <span class='ocrx_word' id='word_1_484' title='bbox 528 5639 634 5708; x_wconf 86' lang='lat' dir='ltr'>quidam</span> <span class='ocrx_word' id='word_1_485' title='bbox 657 5641 683 5690; x_wconf 91' lang='lat' dir='ltr'>in</span> <span class='ocrx_word' id='word_1_486' title='bbox 703 5640 788 5692; x_wconf 84' lang='lat' dir='ltr'>Gallia</span> <span class='ocrx_word' id='word_1_487' title='bbox 808 5657 823 5693; x_wconf 89' lang='lat' dir='ltr'>e</span> <span class='ocrx_word' id='word_1_488' title='bbox 848 5638 947 5690; x_wconf 78' lang='lat' dir='ltr'>lainttia</span> <span class='ocrx_word' id='word_1_489' title='bbox 975 5640 1081 5694; x_wconf 87' lang='lat' dir='ltr'>comitis</span> <span class='ocrx_word' id='word_1_490' title='bbox 1105 5639 1180 5694; x_wconf 78' lang='lat' dir='ltr'>Aleta·</span> 
     </span>
    </p>
   </div>
   <div class='ocr_carea' id='block_1_4' title="bbox 946 439 1415 498">
    <p class='ocr_par' dir='ltr' id='par_1_4' title="bbox 946 439 1415 498">
     <span class='ocr_line' id='line_1_64' title="bbox 946 439 1415 498; baseline -0.013 -1"><span class='ocrx_word' id='word_1_491' title='bbox 946 443 1135 498; x_wconf 72' lang='lat' dir='ltr'>utsenrtr.</span> <span class='ocrx_word' id='word_1_492' title='bbox 1153 443 1212 494; x_wconf 75' lang='lat' dir='ltr'>XX.</span> <span class='ocrx_word' id='word_1_493' title='bbox 1231 439 1348 494; x_wconf 62' lang='lat' dir='ltr'>CrlPl&#39;T</span> <span class='ocrx_word' id='word_1_494' title='bbox 1365 441 1415 497; x_wconf 74' lang='lat' dir='ltr'>st.</span> 
     </span>
    </p>
   </div>
   <div class='ocr_carea' id='block_1_5' title="bbox 1216 521 2101 5715">
    <p class='ocr_par' dir='ltr' id='par_1_5' title="bbox 1216 521 2101 5715">
     <span class='ocr_line' id='line_1_65' title="bbox 1218 521 2050 604; baseline -0.016 -16"><span class='ocrx_word' id='word_1_495' title='bbox 1218 536 1308 588; x_wconf 68' lang='lat' dir='ltr'>miultis</span> <span class='ocrx_word' id='word_1_496' title='bbox 1326 534 1450 588; x_wconf 81' lang='lat' dir='ltr'>lacrumis</span> <span class='ocrx_word' id='word_1_497' title='bbox 1469 540 1558 604; x_wconf 88' lang='lat' dir='ltr'>questa</span> <span class='ocrx_word' id='word_1_498' title='bbox 1578 529 1668 600; x_wconf 86' lang='lat' dir='ltr'>ipsum</span> <span class='ocrx_word' id='word_1_499' title='bbox 1689 526 1810 600; x_wconf 86' lang='lat' dir='ltr'>impulit,</span> <span class='ocrx_word' id='word_1_500' title='bbox 1828 525 1928 580; x_wconf 87' lang='lat' dir='ltr'>crimen</span> <span class='ocrx_word' id='word_1_501' title='bbox 1953 521 2050 576; x_wconf 81' lang='lat' dir='ltr'>deler-</span> 
     </span>
     <span class='ocr_line' id='line_1_66' title="bbox 1217 607 2051 685; baseline -0.017 -13"><span class='ocrx_word' id='word_1_502' title='bbox 1217 620 1292 672; x_wconf 85' lang='lat' dir='ltr'>read</span> <span class='ocrx_word' id='word_1_503' title='bbox 1314 620 1502 683; x_wconf 78' lang='lat' dir='ltr'>Aleosonium,</span> <span class='ocrx_word' id='word_1_504' title='bbox 1523 635 1535 670; x_wconf 96' lang='lat' dir='ltr'>a</span> <span class='ocrx_word' id='word_1_505' title='bbox 1554 635 1606 685; x_wconf 88' lang='lat' dir='ltr'>quo</span> <span class='ocrx_word' id='word_1_506' title='bbox 1625 630 1685 668; x_wconf 90' lang='lat' dir='ltr'>reus</span> <span class='ocrx_word' id='word_1_507' title='bbox 1703 612 1800 664; x_wconf 84' lang='lat' dir='ltr'>lactum</span> <span class='ocrx_word' id='word_1_508' title='bbox 1821 625 1918 678; x_wconf 87' lang='lat' dir='ltr'>negans</span> <span class='ocrx_word' id='word_1_509' title='bbox 1938 607 2051 660; x_wconf 83' lang='lat' dir='ltr'>absolu·</span> 
     </span>
     <span class='ocr_line' id='line_1_67' title="bbox 1219 693 2051 767; baseline -0.013 -15"><span class='ocrx_word' id='word_1_510' title='bbox 1219 713 1266 754; x_wconf 91' lang='lat' dir='ltr'>tus.</span> <span class='ocrx_word' id='word_1_511' title='bbox 1288 701 1427 754; x_wconf 80' lang='lat' dir='ltr'>Accusator</span> <span class='ocrx_word' id='word_1_512' title='bbox 1445 711 1533 767; x_wconf 85' lang='lat' dir='ltr'>postea</span> <span class='ocrx_word' id='word_1_513' title='bbox 1552 719 1565 750; x_wconf 88' lang='lat' dir='ltr'>a</span> <span class='ocrx_word' id='word_1_514' title='bbox 1584 700 1653 750; x_wconf 86' lang='lat' dir='ltr'>dicta</span> <span class='ocrx_word' id='word_1_515' title='bbox 1672 695 1802 748; x_wconf 90' lang='lat' dir='ltr'>sententia</span> <span class='ocrx_word' id='word_1_516' title='bbox 1814 693 1847 746; x_wconf 93' lang='lat' dir='ltr'>ad</span> <span class='ocrx_word' id='word_1_517' title='bbox 1867 701 2051 760; x_wconf 84' lang='lat' dir='ltr'>senatumpa·</span> 
     </span>
     <span class='ocr_line' id='line_1_68' title="bbox 1216 773 2051 854; baseline -0.019 -14"><span class='ocrx_word' id='word_1_518' title='bbox 1216 789 1353 840; x_wconf 83' lang='lat' dir='ltr'>risiensena</span> <span class='ocrx_word' id='word_1_519' title='bbox 1373 785 1523 854; x_wconf 78' lang='lat' dir='ltr'>appellarit.</span> <span class='ocrx_word' id='word_1_520' title='bbox 1543 783 1625 834; x_wconf 84' lang='lat' dir='ltr'>Carisa</span> <span class='ocrx_word' id='word_1_521' title='bbox 1645 797 1691 850; x_wconf 91' lang='lat' dir='ltr'>per</span> <span class='ocrx_word' id='word_1_522' title='bbox 1709 794 1806 830; x_wconf 81' lang='lat' dir='ltr'>annisus</span> <span class='ocrx_word' id='word_1_523' title='bbox 1826 789 1848 828; x_wconf 93' lang='lat' dir='ltr'>et</span> <span class='ocrx_word' id='word_1_524' title='bbox 1875 775 1940 826; x_wconf 93' lang='lat' dir='ltr'>ultra</span> <span class='ocrx_word' id='word_1_525' title='bbox 1961 773 2051 842; x_wconf 89' lang='lat' dir='ltr'>agita·</span> 
     </span>
     <span class='ocr_line' id='line_1_69' title="bbox 1219 863 2050 937; baseline -0.014 -17"><span class='ocrx_word' id='word_1_526' title='bbox 1219 880 1259 932; x_wconf 90' lang='lat' dir='ltr'>ts,</span> <span class='ocrx_word' id='word_1_527' title='bbox 1278 869 1460 937; x_wconf 74' lang='lat' dir='ltr'>appellrtnque,</span> <span class='ocrx_word' id='word_1_528' title='bbox 1475 868 1501 918; x_wconf 93' lang='lat' dir='ltr'>iu</span> <span class='ocrx_word' id='word_1_529' title='bbox 1521 866 1659 932; x_wconf 81' lang='lat' dir='ltr'>negatione</span> <span class='ocrx_word' id='word_1_530' title='bbox 1679 863 1832 930; x_wconf 83' lang='lat' dir='ltr'>persistene</span> <span class='ocrx_word' id='word_1_531' title='bbox 1848 867 1998 922; x_wconf 84' lang='lat' dir='ltr'>statuturo,</span> <span class='ocrx_word' id='word_1_532' title='bbox 2018 867 2050 908; x_wconf 89' lang='lat' dir='ltr'>ut</span> 
     </span>
     <span class='ocr_line' id='line_1_70' title="bbox 1218 941 2051 1010; baseline -0.017 -6"><span class='ocrx_word' id='word_1_533' title='bbox 1218 951 1395 1006; x_wconf 82' lang='lat' dir='ltr'>monomachia</span> <span class='ocrx_word' id='word_1_534' title='bbox 1425 951 1500 1004; x_wconf 84' lang='lat' dir='ltr'>litum</span> <span class='ocrx_word' id='word_1_535' title='bbox 1531 946 1653 1000; x_wconf 87' lang='lat' dir='ltr'>linirent.</span> <span class='ocrx_word' id='word_1_536' title='bbox 1670 944 1734 998; x_wconf 87' lang='lat' dir='ltr'>lude</span> <span class='ocrx_word' id='word_1_537' title='bbox 1764 942 1896 1010; x_wconf 87' lang='lat' dir='ltr'>congressi</span> <span class='ocrx_word' id='word_1_538' title='bbox 1926 941 2051 1004; x_wconf 81' lang='lat' dir='ltr'>maritus</span> 
     </span>
     <span class='ocr_line' id='line_1_71' title="bbox 1217 1022 2046 1106; baseline -0.014 -19"><span class='ocrx_word' id='word_1_539' title='bbox 1217 1048 1348 1106; x_wconf 87' lang='lat' dir='ltr'>stupratae</span> <span class='ocrx_word' id='word_1_540' title='bbox 1366 1045 1393 1088; x_wconf 87' lang='lat' dir='ltr'>et</span> <span class='ocrx_word' id='word_1_541' title='bbox 1411 1035 1501 1086; x_wconf 87' lang='lat' dir='ltr'>delicti</span> <span class='ocrx_word' id='word_1_542' title='bbox 1522 1049 1581 1086; x_wconf 88' lang='lat' dir='ltr'>reus</span> <span class='ocrx_word' id='word_1_543' title='bbox 1600 1031 1688 1100; x_wconf 86' lang='lat' dir='ltr'>primo</span> <span class='ocrx_word' id='word_1_544' title='bbox 1706 1029 1806 1096; x_wconf 85' lang='lat' dir='ltr'>equites</span> <span class='ocrx_word' id='word_1_545' title='bbox 1825 1023 1888 1076; x_wconf 90' lang='lat' dir='ltr'>dein</span> <span class='ocrx_word' id='word_1_546' title='bbox 1909 1022 2046 1092; x_wconf 81' lang='lat' dir='ltr'>pedites,</span> 
     </span>
     <span class='ocr_line' id='line_1_72' title="bbox 1217 1105 2048 1187; baseline -0.017 -17"><span class='ocrx_word' id='word_1_547' title='bbox 1217 1135 1296 1186; x_wconf 85' lang='lat' dir='ltr'>eaque</span> <span class='ocrx_word' id='word_1_548' title='bbox 1316 1119 1341 1170; x_wconf 93' lang='lat' dir='ltr'>in</span> <span class='ocrx_word' id='word_1_549' title='bbox 1362 1135 1444 1187; x_wconf 90' lang='lat' dir='ltr'>pugna</span> <span class='ocrx_word' id='word_1_550' title='bbox 1463 1133 1522 1169; x_wconf 88' lang='lat' dir='ltr'>reus</span> <span class='ocrx_word' id='word_1_551' title='bbox 1544 1111 1720 1174; x_wconf 85' lang='lat' dir='ltr'>interiectus,</span> <span class='ocrx_word' id='word_1_552' title='bbox 1749 1111 1855 1178; x_wconf 82' lang='lat' dir='ltr'>ejusque</span> <span class='ocrx_word' id='word_1_553' title='bbox 1886 1105 2001 1158; x_wconf 73' lang='lat' dir='ltr'>cadas-er</span> <span class='ocrx_word' id='word_1_554' title='bbox 2031 1123 2048 1156; x_wconf 88' lang='lat' dir='ltr'>a</span> 
     </span>
     <span class='ocr_line' id='line_1_73' title="bbox 1217 1188 2046 1270; baseline -0.027 -12"><span class='ocrx_word' id='word_1_555' title='bbox 1217 1199 1341 1256; x_wconf 80' lang='lat' dir='ltr'>csrtdltce</span> <span class='ocrx_word' id='word_1_556' title='bbox 1354 1201 1385 1252; x_wconf 90' lang='lat' dir='ltr'>ad</span> <span class='ocrx_word' id='word_1_557' title='bbox 1399 1200 1545 1270; x_wconf 88' lang='lat' dir='ltr'>patibulum</span> <span class='ocrx_word' id='word_1_558' title='bbox 1566 1207 1674 1248; x_wconf 87' lang='lat' dir='ltr'>trocturn</span> <span class='ocrx_word' id='word_1_559' title='bbox 1686 1230 1694 1260; x_wconf 95' lang='lat'>,</span> <span class='ocrx_word' id='word_1_560' title='bbox 1706 1204 1732 1246; x_wconf 86' lang='lat' dir='ltr'>ss</span> <span class='ocrx_word' id='word_1_561' title='bbox 1758 1205 1921 1260; x_wconf 68' lang='lat' dir='ltr'>suspensum.</span> <span class='ocrx_word' id='word_1_562' title='bbox 1941 1188 2046 1241; x_wconf 82' lang='lat' dir='ltr'>Viator</span> 
     </span>
     <span class='ocr_line' id='line_1_74' title="bbox 1218 1267 2101 1352; baseline -0.02 -14"><span class='ocrx_word' id='word_1_563' title='bbox 1218 1303 1278 1340; x_wconf 83' lang='lat' dir='ltr'>cero</span> <span class='ocrx_word' id='word_1_564' title='bbox 1295 1287 1430 1349; x_wconf 85' lang='lat' dir='ltr'>laudatus,</span> <span class='ocrx_word' id='word_1_565' title='bbox 1448 1293 1475 1336; x_wconf 90' lang='lat' dir='ltr'>et</span> <span class='ocrx_word' id='word_1_566' title='bbox 1495 1281 1622 1352; x_wconf 80' lang='lat' dir='ltr'>praemiis</span> <span class='ocrx_word' id='word_1_567' title='bbox 1641 1299 1654 1332; x_wconf 96' lang='lat' dir='ltr'>a</span> <span class='ocrx_word' id='word_1_568' title='bbox 1673 1295 1732 1346; x_wconf 89' lang='lat' dir='ltr'>rege</span> <span class='ocrx_word' id='word_1_569' title='bbox 1751 1275 1855 1328; x_wconf 85' lang='lat' dir='ltr'>Galliae</span> <span class='ocrx_word' id='word_1_570' title='bbox 1877 1280 1985 1324; x_wconf 86' lang='lat' dir='ltr'>suctus.</span> <span class='ocrx_word' id='word_1_571' title='bbox 2012 1267 2046 1320; x_wconf 84' lang='lat' dir='ltr'>Et</span> <span class='ocrx_word' id='word_1_572' title='bbox 2068 1274 2101 1326; x_wconf 81' lang='lat'>³9</span> 
     </span>
     <span class='ocr_line' id='line_1_75' title="bbox 1219 1352 2046 1440; baseline -0.022 -18"><span class='ocrx_word' id='word_1_573' title='bbox 1219 1372 1266 1422; x_wconf 90' lang='lat' dir='ltr'>ista</span> <span class='ocrx_word' id='word_1_574' title='bbox 1285 1368 1419 1440; x_wconf 76' lang='lat' dir='ltr'>pugnandi</span> <span class='ocrx_word' id='word_1_575' title='bbox 1439 1367 1540 1420; x_wconf 88' lang='lat' dir='ltr'>ratione</span> <span class='ocrx_word' id='word_1_576' title='bbox 1558 1363 1704 1416; x_wconf 84' lang='lat' dir='ltr'>calumniae</span> <span class='ocrx_word' id='word_1_577' title='bbox 1721 1359 1846 1428; x_wconf 88' lang='lat' dir='ltr'>quidem,</span> <span class='ocrx_word' id='word_1_578' title='bbox 1864 1371 1929 1424; x_wconf 87' lang='lat' dir='ltr'>quse</span> <span class='ocrx_word' id='word_1_579' title='bbox 1951 1352 1982 1404; x_wconf 91' lang='lat' dir='ltr'>iu</span> <span class='ocrx_word' id='word_1_580' title='bbox 2005 1353 2046 1416; x_wconf 77' lang='lat' dir='ltr'>tu-</span> 
     </span>
     <span class='ocr_line' id='line_1_76' title="bbox 1218 1417 2100 1522; baseline -0.022 -18"><span class='ocrx_word' id='word_1_581' title='bbox 1218 1455 1297 1506; x_wconf 86' lang='lat' dir='ltr'>diciis</span> <span class='ocrx_word' id='word_1_582' title='bbox 1314 1452 1416 1507; x_wconf 83' lang='lat' dir='ltr'>abunde</span> <span class='ocrx_word' id='word_1_583' title='bbox 1435 1461 1633 1522; x_wconf 78' lang='lat' dir='ltr'>perpetrantur,</span> <span class='ocrx_word' id='word_1_584' title='bbox 1651 1445 1745 1500; x_wconf 87' lang='lat' dir='ltr'>sitatse</span> <span class='ocrx_word' id='word_1_585' title='bbox 1770 1441 1886 1493; x_wconf 85' lang='lat' dir='ltr'>luerunt.</span> <span class='ocrx_word' id='word_1_586' title='bbox 1912 1435 1985 1488; x_wconf 85' lang='lat' dir='ltr'>Cum</span> <span class='ocrx_word' id='word_1_587' title='bbox 2010 1445 2049 1486; x_wconf 94' lang='lat' dir='ltr'>ta·</span> <span class='ocrx_word' id='word_1_588' title='bbox 2068 1417 2100 1469; x_wconf 67' lang='grc' dir='ltr'><strong>ω</strong></span> 
     </span>
     <span class='ocr_line' id='line_1_77' title="bbox 1219 1520 2050 1602; baseline -0.019 -14"><span class='ocrx_word' id='word_1_589' title='bbox 1219 1556 1278 1591; x_wconf 79' lang='lat' dir='ltr'>oren</span> <span class='ocrx_word' id='word_1_590' title='bbox 1297 1539 1345 1590; x_wconf 88' lang='lat' dir='ltr'>iste</span> <span class='ocrx_word' id='word_1_591' title='bbox 1364 1553 1420 1590; x_wconf 88' lang='lat' dir='ltr'>rnos</span> <span class='ocrx_word' id='word_1_592' title='bbox 1439 1553 1460 1588; x_wconf 88' lang='lat' dir='ltr'>s.</span> <span class='ocrx_word' id='word_1_593' title='bbox 1479 1534 1626 1602; x_wconf 82' lang='lat' dir='ltr'>scripturae</span> <span class='ocrx_word' id='word_1_594' title='bbox 1654 1531 1793 1590; x_wconf 86' lang='lat' dir='ltr'>adsersus,</span> <span class='ocrx_word' id='word_1_595' title='bbox 1822 1531 1907 1575; x_wconf 89' lang='lat' dir='ltr'>rectae</span> <span class='ocrx_word' id='word_1_596' title='bbox 1938 1520 2050 1569; x_wconf 88' lang='lat' dir='ltr'>rationi</span> 
     </span>
     <span class='ocr_line' id='line_1_78' title="bbox 1219 1605 2049 1685; baseline -0.022 -13"><span class='ocrx_word' id='word_1_597' title='bbox 1219 1622 1382 1683; x_wconf 91' lang='lat' dir='ltr'>contrarius,</span> <span class='ocrx_word' id='word_1_598' title='bbox 1400 1631 1425 1671; x_wconf 91' lang='lat' dir='ltr'>et</span> <span class='ocrx_word' id='word_1_599' title='bbox 1444 1638 1457 1671; x_wconf 97' lang='lat' dir='ltr'>a</span> <span class='ocrx_word' id='word_1_600' title='bbox 1475 1620 1531 1685; x_wconf 80' lang='lat' dir='ltr'>jure</span> <span class='ocrx_word' id='word_1_601' title='bbox 1551 1629 1641 1667; x_wconf 75' lang='lat' dir='ltr'>inostro</span> <span class='ocrx_word' id='word_1_602' title='bbox 1666 1613 1778 1663; x_wconf 87' lang='lat' dir='ltr'>alienus.</span> <span class='ocrx_word' id='word_1_603' title='bbox 1805 1607 1862 1658; x_wconf 90' lang='lat' dir='ltr'>lmn</span> <span class='ocrx_word' id='word_1_604' title='bbox 1887 1605 2049 1675; x_wconf 84' lang='lat' dir='ltr'>prohibitus</span> 
     </span>
     <span class='ocr_line' id='line_1_79' title="bbox 1219 1689 2051 1770; baseline -0.024 -9"><span class='ocrx_word' id='word_1_605' title='bbox 1219 1728 1240 1762; x_wconf 88' lang='lat' dir='ltr'>c.</span> <span class='ocrx_word' id='word_1_606' title='bbox 1255 1705 1489 1760; x_wconf 79' lang='lat' dir='ltr'>monomachiam.</span> <span class='ocrx_word' id='word_1_607' title='bbox 1503 1705 1547 1754; x_wconf 75' lang='lat'>22.</span> <span class='ocrx_word' id='word_1_608' title='bbox 1559 1720 1580 1756; x_wconf 90' lang='lat' dir='ltr'>c.</span> <span class='ocrx_word' id='word_1_609' title='bbox 1594 1702 1618 1753; x_wconf 69' lang='lat'>2.</span> <span class='ocrx_word' id='word_1_610' title='bbox 1632 1720 1674 1770; x_wconf 82' lang='lat' dir='ltr'>qu.</span> <span class='ocrx_word' id='word_1_611' title='bbox 1696 1694 1787 1764; x_wconf 70' lang='lat' dir='ltr'>iisne.</span> <span class='ocrx_word' id='word_1_612' title='bbox 1801 1711 1824 1746; x_wconf 88' lang='lat' dir='ltr'>c.</span> <span class='ocrx_word' id='word_1_613' title='bbox 1838 1696 1865 1744; x_wconf 93' lang='grc'><strong>1.</strong></span> <span class='ocrx_word' id='word_1_614' title='bbox 1890 1711 1919 1746; x_wconf 73' lang='lat' dir='ltr'>n.</span> <span class='ocrx_word' id='word_1_615' title='bbox 1932 1689 1969 1742; x_wconf 77' lang='lat' dir='ltr'>de</span> <span class='ocrx_word' id='word_1_616' title='bbox 1988 1701 2051 1742; x_wconf 83' lang='lat' dir='ltr'>tor·</span> 
     </span>
     <span class='ocr_line' id='line_1_80' title="bbox 1220 1774 2049 1846; baseline -0.018 -2"><span class='ocrx_word' id='word_1_617' title='bbox 1220 1812 1306 1846; x_wconf 81' lang='lat' dir='ltr'>neom.</span> <span class='ocrx_word' id='word_1_618' title='bbox 1324 1797 1434 1845; x_wconf 92' lang='lat' dir='ltr'>omnino</span> <span class='ocrx_word' id='word_1_619' title='bbox 1452 1786 1636 1842; x_wconf 85' lang='lat' dir='ltr'>abstinendum</span> <span class='ocrx_word' id='word_1_620' title='bbox 1657 1792 1728 1836; x_wconf 85' lang='lat' dir='ltr'>esta</span> <span class='ocrx_word' id='word_1_621' title='bbox 1756 1781 1851 1833; x_wconf 85' lang='lat' dir='ltr'>talibus</span> <span class='ocrx_word' id='word_1_622' title='bbox 1876 1774 2049 1830; x_wconf 79' lang='lat' dir='ltr'>detestandis</span> 
     </span>
     <span class='ocr_line' id='line_1_81' title="bbox 1221 1847 2099 1948; baseline -0.025 -20"><span class='ocrx_word' id='word_1_623' title='bbox 1221 1880 1322 1948; x_wconf 84' lang='lat' dir='ltr'>pugnis.</span> <span class='ocrx_word' id='word_1_624' title='bbox 1341 1877 1468 1946; x_wconf 83' lang='lat' dir='ltr'>antnsis</span> <span class='ocrx_word' id='word_1_625' title='bbox 1489 1882 1597 1941; x_wconf 90' lang='lat' dir='ltr'>propter</span> <span class='ocrx_word' id='word_1_626' title='bbox 1617 1867 1726 1935; x_wconf 77' lang='lat' dir='ltr'>injurius</span> <span class='ocrx_word' id='word_1_627' title='bbox 1744 1880 1809 1932; x_wconf 90' lang='lat' dir='ltr'>quae</span> <span class='ocrx_word' id='word_1_628' title='bbox 1827 1861 1866 1913; x_wconf 88' lang='lat' dir='ltr'>vel</span> <span class='ocrx_word' id='word_1_629' title='bbox 1890 1860 2047 1932; x_wconf 62' lang='lat' dir='ltr'>christiana</span> <span class='ocrx_word' id='word_1_630' title='bbox 2068 1847 2099 1899; x_wconf 70' lang='lat' dir='ltr'>ll</span> 
     </span>
     <span class='ocr_line' id='line_1_82' title="bbox 1220 1943 2048 2032; baseline -0.018 -22"><span class='ocrx_word' id='word_1_631' title='bbox 1220 1963 1342 2032; x_wconf 85' lang='lat' dir='ltr'>patientia</span> <span class='ocrx_word' id='word_1_632' title='bbox 1363 1960 1407 2029; x_wconf 86' lang='lat' dir='ltr'>pis</span> <span class='ocrx_word' id='word_1_633' title='bbox 1425 1957 1548 2009; x_wconf 77' lang='lat' dir='ltr'>serendae</span> <span class='ocrx_word' id='word_1_634' title='bbox 1566 1963 1591 2004; x_wconf 91' lang='lat' dir='ltr'>et</span> <span class='ocrx_word' id='word_1_635' title='bbox 1609 1948 1792 2004; x_wconf 86' lang='lat' dir='ltr'>condonandae</span> <span class='ocrx_word' id='word_1_636' title='bbox 1810 1946 1908 2008; x_wconf 84' lang='lat' dir='ltr'>locent,</span> <span class='ocrx_word' id='word_1_637' title='bbox 1927 1946 1971 1997; x_wconf 93' lang='lat' dir='ltr'>sel</span> <span class='ocrx_word' id='word_1_638' title='bbox 1995 1943 2048 1998; x_wconf 88' lang='lat' dir='ltr'>aal-</span> 
     </span>
     <span class='ocr_line' id='line_1_83' title="bbox 1221 2029 2046 2110; baseline -0.022 -13"><span class='ocrx_word' id='word_1_639' title='bbox 1221 2060 1272 2097; x_wconf 87' lang='lat' dir='ltr'>tem</span> <span class='ocrx_word' id='word_1_640' title='bbox 1292 2047 1319 2095; x_wconf 91' lang='lat' dir='ltr'>in</span> <span class='ocrx_word' id='word_1_641' title='bbox 1340 2044 1448 2110; x_wconf 79' lang='lat' dir='ltr'>judiciis</span> <span class='ocrx_word' id='word_1_642' title='bbox 1466 2037 1636 2100; x_wconf 83' lang='lat' dir='ltr'>accusandae,</span> <span class='ocrx_word' id='word_1_643' title='bbox 1656 2035 1759 2102; x_wconf 90' lang='lat' dir='ltr'>saepius</span> <span class='ocrx_word' id='word_1_644' title='bbox 1779 2032 1857 2084; x_wconf 86' lang='lat' dir='ltr'>bodie</span> <span class='ocrx_word' id='word_1_645' title='bbox 1871 2029 1971 2085; x_wconf 85' lang='lat' dir='ltr'>duellis</span> <span class='ocrx_word' id='word_1_646' title='bbox 1986 2045 2046 2080; x_wconf 89' lang='lat' dir='ltr'>cer·</span> 
     </span>
     <span class='ocr_line' id='line_1_84' title="bbox 1220 2113 2036 2188; baseline -0.022 -5"><span class='ocrx_word' id='word_1_647' title='bbox 1220 2142 1287 2182; x_wconf 89' lang='lat' dir='ltr'>tetur</span> <span class='ocrx_word' id='word_1_648' title='bbox 1305 2145 1362 2181; x_wconf 87' lang='lat' dir='ltr'>cuna</span> <span class='ocrx_word' id='word_1_649' title='bbox 1384 2127 1500 2178; x_wconf 84' lang='lat' dir='ltr'>maximo</span> <span class='ocrx_word' id='word_1_650' title='bbox 1518 2134 1637 2177; x_wconf 80' lang='lat' dir='ltr'>retenire</span> <span class='ocrx_word' id='word_1_651' title='bbox 1655 2120 1804 2172; x_wconf 88' lang='lat' dir='ltr'>animarum</span> <span class='ocrx_word' id='word_1_652' title='bbox 1822 2115 1913 2188; x_wconf 85' lang='lat' dir='ltr'>salutis</span> <span class='ocrx_word' id='word_1_653' title='bbox 1939 2113 2036 2183; x_wconf 78' lang='lat' dir='ltr'>pericu</span> 
     </span>
     <span class='ocr_line' id='line_1_85' title="bbox 1222 2199 2099 2282; baseline -0.018 -17"><span class='ocrx_word' id='word_1_654' title='bbox 1222 2217 1261 2280; x_wconf 93' lang='lat' dir='ltr'>lo,</span> <span class='ocrx_word' id='word_1_655' title='bbox 1281 2229 1303 2268; x_wconf 89' lang='lat' dir='ltr'>et</span> <span class='ocrx_word' id='word_1_656' title='bbox 1323 2217 1391 2282; x_wconf 89' lang='lat' dir='ltr'>reip.</span> <span class='ocrx_word' id='word_1_657' title='bbox 1408 2213 1512 2264; x_wconf 78' lang='lat' dir='ltr'>domun.</span> <span class='ocrx_word' id='word_1_658' title='bbox 1533 2211 1561 2262; x_wconf 93' lang='lat' dir='ltr'>ln</span> <span class='ocrx_word' id='word_1_659' title='bbox 1579 2227 1658 2277; x_wconf 88' lang='lat' dir='ltr'>quern</span> <span class='ocrx_word' id='word_1_660' title='bbox 1676 2201 1881 2256; x_wconf 83' lang='lat' dir='ltr'>abominandum</span> <span class='ocrx_word' id='word_1_661' title='bbox 1897 2214 2003 2252; x_wconf 82' lang='lat' dir='ltr'>morem</span> <span class='ocrx_word' id='word_1_662' title='bbox 2019 2199 2048 2249; x_wconf 88' lang='lat' dir='ltr'>in</span> <span class='ocrx_word' id='word_1_663' title='bbox 2067 2203 2099 2257; x_wconf 70' lang='grc'><strong>11</strong></span> 
     </span>
     <span class='ocr_line' id='line_1_86' title="bbox 1220 2286 2050 2366; baseline -0.014 -16"><span class='ocrx_word' id='word_1_664' title='bbox 1220 2298 1335 2350; x_wconf 85' lang='lat' dir='ltr'>comitiis</span> <span class='ocrx_word' id='word_1_665' title='bbox 1354 2296 1453 2366; x_wconf 84' lang='lat' dir='ltr'>gallicis</span> <span class='ocrx_word' id='word_1_666' title='bbox 1472 2296 1520 2346; x_wconf 87' lang='lat' dir='ltr'>sub</span> <span class='ocrx_word' id='word_1_667' title='bbox 1540 2293 1627 2344; x_wconf 80' lang='lat' dir='ltr'>Ludos</span> <span class='ocrx_word' id='word_1_668' title='bbox 1660 2289 1733 2342; x_wconf 84' lang='lat' dir='ltr'>xttt.</span> <span class='ocrx_word' id='word_1_669' title='bbox 1763 2287 1878 2355; x_wconf 82' lang='lat' dir='ltr'>grariter</span> <span class='ocrx_word' id='word_1_670' title='bbox 1906 2286 2050 2354; x_wconf 81' lang='lat' dir='ltr'>peroravit</span> 
     </span>
     <span class='ocr_line' id='line_1_87' title="bbox 1221 2367 2047 2448; baseline -0.013 -16"><span class='ocrx_word' id='word_1_671' title='bbox 1221 2381 1376 2434; x_wconf 84' lang='lat' dir='ltr'>Fenolietus.</span> <span class='ocrx_word' id='word_1_672' title='bbox 1389 2378 1471 2448; x_wconf 86' lang='lat' dir='ltr'>episc.</span> <span class='ocrx_word' id='word_1_673' title='bbox 1487 2375 1704 2444; x_wconf 87' lang='lat' dir='ltr'>Moupessulanua</span> <span class='ocrx_word' id='word_1_674' title='bbox 1718 2371 1759 2422; x_wconf 89' lang='lat' dir='ltr'>his</span> <span class='ocrx_word' id='word_1_675' title='bbox 1772 2373 1841 2420; x_wconf 90' lang='lat' dir='ltr'>inter</span> <span class='ocrx_word' id='word_1_676' title='bbox 1861 2367 1912 2421; x_wconf 87' lang='lat' dir='ltr'>alia</span> <span class='ocrx_word' id='word_1_677' title='bbox 1932 2369 2026 2422; x_wconf 83' lang='lat' dir='ltr'>serbis</span> <span class='ocrx_word' id='word_1_678' title='bbox 2040 2391 2047 2422; x_wconf 80' lang='lat' dir='ltr'>s</span> 
     </span>
     <span class='ocr_line' id='line_1_88' title="bbox 1222 2454 2044 2530; baseline -0.013 -12"><span class='ocrx_word' id='word_1_679' title='bbox 1222 2485 1298 2520; x_wconf 88' lang='lat' dir='ltr'>uerno</span> <span class='ocrx_word' id='word_1_680' title='bbox 1316 2465 1426 2518; x_wconf 87' lang='lat' dir='ltr'>dubium</span> <span class='ocrx_word' id='word_1_681' title='bbox 1446 2480 1518 2525; x_wconf 86' lang='lat' dir='ltr'>esse,</span> <span class='ocrx_word' id='word_1_682' title='bbox 1536 2463 1600 2530; x_wconf 89' lang='lat' dir='ltr'>quin</span> <span class='ocrx_word' id='word_1_683' title='bbox 1621 2459 1785 2528; x_wconf 89' lang='lat' dir='ltr'>principium</span> <span class='ocrx_word' id='word_1_684' title='bbox 1805 2455 1925 2506; x_wconf 86' lang='lat' dir='ltr'>lanienae</span> <span class='ocrx_word' id='word_1_685' title='bbox 1945 2455 1994 2508; x_wconf 89' lang='lat' dir='ltr'>isti</span> <span class='ocrx_word' id='word_1_686' title='bbox 2010 2454 2044 2507; x_wconf 90' lang='lat' dir='ltr'>ab</span> 
     </span>
     <span class='ocr_line' id='line_1_89' title="bbox 1223 2537 2046 2610; baseline -0.017 -11"><span class='ocrx_word' id='word_1_687' title='bbox 1223 2548 1327 2602; x_wconf 80' lang='lat' dir='ltr'>interno</span> <span class='ocrx_word' id='word_1_688' title='bbox 1347 2549 1398 2610; x_wconf 89' lang='lat' dir='ltr'>sit,</span> <span class='ocrx_word' id='word_1_689' title='bbox 1416 2551 1458 2598; x_wconf 90' lang='lat' dir='ltr'>cni</span> <span class='ocrx_word' id='word_1_690' title='bbox 1477 2546 1635 2600; x_wconf 85' lang='lat' dir='ltr'>christianos</span> <span class='ocrx_word' id='word_1_691' title='bbox 1662 2543 1729 2594; x_wconf 83' lang='lat' dir='ltr'>celus</span> <span class='ocrx_word' id='word_1_692' title='bbox 1761 2540 1881 2592; x_wconf 81' lang='lat' dir='ltr'>uictimas</span> <span class='ocrx_word' id='word_1_693' title='bbox 1910 2537 1944 2589; x_wconf 88' lang='lat' dir='ltr'>ab</span> <span class='ocrx_word' id='word_1_694' title='bbox 1975 2539 2046 2606; x_wconf 89' lang='lat' dir='ltr'>ipsis</span> 
     </span>
     <span class='ocr_line' id='line_1_90' title="bbox 1220 2621 2043 2700; baseline -0.022 -12"><span class='ocrx_word' id='word_1_695' title='bbox 1220 2635 1374 2688; x_wconf 81' lang='lat' dir='ltr'>christianis</span> <span class='ocrx_word' id='word_1_696' title='bbox 1393 2633 1522 2686; x_wconf 82' lang='lat' dir='ltr'>immolari</span> <span class='ocrx_word' id='word_1_697' title='bbox 1538 2648 1613 2700; x_wconf 78' lang='lat' dir='ltr'>quarn</span> <span class='ocrx_word' id='word_1_698' title='bbox 1635 2621 1763 2694; x_wconf 81' lang='lat' dir='ltr'>impium!</span> <span class='ocrx_word' id='word_1_699' title='bbox 1778 2641 1855 2694; x_wconf 86' lang='lat' dir='ltr'>quaro</span> <span class='ocrx_word' id='word_1_700' title='bbox 1865 2621 2043 2678; x_wconf 86' lang='lat' dir='ltr'>horrendum!</span> 
     </span>
     <span class='ocr_line' id='line_1_91' title="bbox 1223 2708 2045 2786; baseline -0.011 -17"><span class='ocrx_word' id='word_1_701' title='bbox 1223 2729 1374 2771; x_wconf 84' lang='lat' dir='ltr'>exacturum</span> <span class='ocrx_word' id='word_1_702' title='bbox 1394 2718 1534 2786; x_wconf 89' lang='lat' dir='ltr'>aliquando</span> <span class='ocrx_word' id='word_1_703' title='bbox 1555 2717 1636 2766; x_wconf 80' lang='lat' dir='ltr'>[leucu</span> <span class='ocrx_word' id='word_1_704' title='bbox 1656 2710 1731 2763; x_wconf 80' lang='lat' dir='ltr'>effusi</span> <span class='ocrx_word' id='word_1_705' title='bbox 1753 2722 1804 2765; x_wconf 79' lang='lat' dir='ltr'>tam</span> <span class='ocrx_word' id='word_1_706' title='bbox 1823 2708 1970 2762; x_wconf 85' lang='lat' dir='ltr'>crudeliter</span> <span class='ocrx_word' id='word_1_707' title='bbox 1989 2727 2045 2762; x_wconf 91' lang='lat' dir='ltr'>san-</span> 
     </span>
     <span class='ocr_line' id='line_1_92' title="bbox 1222 2794 2049 2870; baseline -0.01 -18"><span class='ocrx_word' id='word_1_708' title='bbox 1222 2803 1310 2870; x_wconf 89' lang='lat' dir='ltr'>guinis</span> <span class='ocrx_word' id='word_1_709' title='bbox 1330 2804 1459 2854; x_wconf 84' lang='lat' dir='ltr'>rationem</span> <span class='ocrx_word' id='word_1_710' title='bbox 1478 2819 1490 2851; x_wconf 88' lang='lat' dir='ltr'>s</span> <span class='ocrx_word' id='word_1_711' title='bbox 1510 2799 1631 2866; x_wconf 77' lang='lat' dir='ltr'>regilius,</span> <span class='ocrx_word' id='word_1_712' title='bbox 1650 2812 1761 2865; x_wconf 87' lang='lat' dir='ltr'>quorum</span> <span class='ocrx_word' id='word_1_713' title='bbox 1781 2803 1835 2856; x_wconf 86' lang='lat' dir='ltr'>est,</span> <span class='ocrx_word' id='word_1_714' title='bbox 1849 2811 1987 2864; x_wconf 29' lang='lat' dir='ltr'>opponere,</span> <span class='ocrx_word' id='word_1_715' title='bbox 2000 2794 2049 2844; x_wconf 85' lang='lat' dir='ltr'>isra·</span> 
     </span>
     <span class='ocr_line' id='line_1_93' title="bbox 1224 2877 2047 2952; baseline -0.006 -19"><span class='ocrx_word' id='word_1_716' title='bbox 1224 2882 1281 2952; x_wconf 83' lang='lat' dir='ltr'>plue</span> <span class='ocrx_word' id='word_1_717' title='bbox 1312 2883 1408 2935; x_wconf 85' lang='lat' dir='ltr'>leritatl</span> <span class='ocrx_word' id='word_1_718' title='bbox 1438 2886 1603 2936; x_wconf 83' lang='lat' dir='ltr'>seseritatens</span> <span class='ocrx_word' id='word_1_719' title='bbox 1635 2880 1730 2948; x_wconf 80' lang='lat' dir='ltr'>legum.</span> <span class='ocrx_word' id='word_1_720' title='bbox 1760 2877 1913 2930; x_wconf 79' lang='lat' dir='ltr'>Prohibitae</span> <span class='ocrx_word' id='word_1_721' title='bbox 1943 2877 2047 2930; x_wconf 85' lang='lat' dir='ltr'>deinde</span> 
     </span>
     <span class='ocr_line' id='line_1_94' title="bbox 1225 2959 2049 3035; baseline -0.01 -16"><span class='ocrx_word' id='word_1_722' title='bbox 1225 2980 1283 3021; x_wconf 88' lang='lat' dir='ltr'>sunt</span> <span class='ocrx_word' id='word_1_723' title='bbox 1300 2968 1435 3035; x_wconf 90' lang='lat' dir='ltr'>uliqunties</span> <span class='ocrx_word' id='word_1_724' title='bbox 1454 2982 1541 3018; x_wconf 83' lang='lat' dir='ltr'>serere</span> <span class='ocrx_word' id='word_1_725' title='bbox 1561 2965 1626 3016; x_wconf 86' lang='lat' dir='ltr'>istae</span> <span class='ocrx_word' id='word_1_726' title='bbox 1643 2961 1810 3031; x_wconf 72' lang='lat' dir='ltr'>gladiatoriae</span> <span class='ocrx_word' id='word_1_727' title='bbox 1836 2960 1863 3011; x_wconf 93' lang='lat' dir='ltr'>in</span> <span class='ocrx_word' id='word_1_728' title='bbox 1882 2959 1970 3013; x_wconf 82' lang='lat' dir='ltr'>Gallis</span> <span class='ocrx_word' id='word_1_729' title='bbox 1996 2977 2049 3029; x_wconf 89' lang='lat' dir='ltr'>pn·</span> 
     </span>
     <span class='ocr_line' id='line_1_95' title="bbox 1226 3045 2094 3120; baseline -0.002 -20"><span class='ocrx_word' id='word_1_730' title='bbox 1226 3067 1299 3119; x_wconf 85' lang='lat' dir='ltr'>gnae.</span> <span class='ocrx_word' id='word_1_731' title='bbox 1318 3050 1366 3101; x_wconf 78' lang='lat' dir='ltr'>Ast</span> <span class='ocrx_word' id='word_1_732' title='bbox 1383 3051 1501 3116; x_wconf 74' lang='lat' dir='ltr'>ignium</span> <span class='ocrx_word' id='word_1_733' title='bbox 1524 3051 1628 3101; x_wconf 86' lang='lat' dir='ltr'>laudern</span> <span class='ocrx_word' id='word_1_734' title='bbox 1649 3045 1717 3099; x_wconf 88' lang='lat' dir='ltr'>rnalo</span> <span class='ocrx_word' id='word_1_735' title='bbox 1733 3045 1934 3115; x_wconf 79' lang='lat' dir='ltr'>experimento,</span> <span class='ocrx_word' id='word_1_736' title='bbox 1949 3064 2043 3098; x_wconf 85' lang='lat' dir='ltr'>otono-</span> <span class='ocrx_word' id='word_1_737' title='bbox 2063 3068 2094 3120; x_wconf 60' lang='grc' dir='ltr'>η</span> 
     </span>
     <span class='ocr_line' id='line_1_96' title="bbox 1225 3132 2045 3204; baseline -0.001 -19"><span class='ocrx_word' id='word_1_738' title='bbox 1225 3135 1352 3186; x_wconf 88' lang='lat' dir='ltr'>ruacbiarn</span> <span class='ocrx_word' id='word_1_739' title='bbox 1372 3134 1438 3204; x_wconf 83' lang='lat' dir='ltr'>apud</span> <span class='ocrx_word' id='word_1_740' title='bbox 1458 3135 1548 3188; x_wconf 85' lang='lat' dir='ltr'>Gallos</span> <span class='ocrx_word' id='word_1_741' title='bbox 1567 3149 1616 3202; x_wconf 87' lang='lat' dir='ltr'>pro</span> <span class='ocrx_word' id='word_1_742' title='bbox 1634 3133 1733 3184; x_wconf 91' lang='lat' dir='ltr'>sirtute</span> <span class='ocrx_word' id='word_1_743' title='bbox 1750 3141 1881 3198; x_wconf 86' lang='lat' dir='ltr'>acceptam</span> <span class='ocrx_word' id='word_1_744' title='bbox 1895 3132 2045 3196; x_wconf 86' lang='lat' dir='ltr'>nobilibus,</span> 
     </span>
     <span class='ocr_line' id='line_1_97' title="bbox 1226 3217 2047 3287; baseline -0.002 -19"><span class='ocrx_word' id='word_1_745' title='bbox 1226 3235 1307 3268; x_wconf 89' lang='lat' dir='ltr'>unurn</span> <span class='ocrx_word' id='word_1_746' title='bbox 1328 3235 1341 3268; x_wconf 86' lang='lat' dir='ltr'>e</span> <span class='ocrx_word' id='word_1_747' title='bbox 1360 3217 1520 3269; x_wconf 85' lang='lat' dir='ltr'>criminibus</span> <span class='ocrx_word' id='word_1_748' title='bbox 1538 3232 1610 3278; x_wconf 85' lang='lat' dir='ltr'>esse,</span> <span class='ocrx_word' id='word_1_749' title='bbox 1627 3233 1692 3284; x_wconf 88' lang='lat' dir='ltr'>quae</span> <span class='ocrx_word' id='word_1_750' title='bbox 1709 3217 1866 3270; x_wconf 83' lang='lat' dir='ltr'>rotabuntur</span> <span class='ocrx_word' id='word_1_751' title='bbox 1885 3231 2001 3287; x_wconf 70' lang='lat' dir='ltr'>semper,</span> <span class='ocrx_word' id='word_1_752' title='bbox 2020 3227 2047 3270; x_wconf 93' lang='lat' dir='ltr'>et</span> 
     </span>
     <span class='ocr_line' id='line_1_98' title="bbox 1226 3300 2047 3370; baseline 0.004 -19"><span class='ocrx_word' id='word_1_753' title='bbox 1226 3317 1327 3368; x_wconf 90' lang='lat' dir='ltr'>semper</span> <span class='ocrx_word' id='word_1_754' title='bbox 1346 3301 1474 3352; x_wconf 81' lang='lat' dir='ltr'>calebunt.</span> <span class='ocrx_word' id='word_1_755' title='bbox 1493 3300 1669 3354; x_wconf 85' lang='lat' dir='ltr'>Grammnnd.</span> <span class='ocrx_word' id='word_1_756' title='bbox 1687 3301 1703 3352; x_wconf 88' lang='lat' dir='ltr'>l.</span> <span class='ocrx_word' id='word_1_757' title='bbox 1719 3303 1744 3350; x_wconf 89' lang='lat' dir='ltr'>l.</span> <span class='ocrx_word' id='word_1_758' title='bbox 1756 3301 1817 3352; x_wconf 81' lang='lat' dir='ltr'>et3.</span> <span class='ocrx_word' id='word_1_759' title='bbox 1838 3301 1899 3352; x_wconf 83' lang='lat' dir='ltr'>diat.</span> <span class='ocrx_word' id='word_1_760' title='bbox 1922 3304 1993 3370; x_wconf 79' lang='lat' dir='ltr'>gall.</span> <span class='ocrx_word' id='word_1_761' title='bbox 2012 3303 2047 3354; x_wconf 74' lang='lat' dir='ltr'>sal</span> 
     </span>
     <span class='ocr_line' id='line_1_99' title="bbox 1225 3384 2045 3454; baseline 0.006 -16"><span class='ocrx_word' id='word_1_762' title='bbox 1225 3402 1327 3438; x_wconf 78' lang='lat' dir='ltr'>sacceas.</span> <span class='ocrx_word' id='word_1_763' title='bbox 1342 3388 1428 3438; x_wconf 81' lang='lat' dir='ltr'>Henr.</span> <span class='ocrx_word' id='word_1_764' title='bbox 1443 3387 1496 3438; x_wconf 86' lang='lat' dir='ltr'>IV.</span> <span class='ocrx_word' id='word_1_765' title='bbox 1513 3385 1564 3436; x_wconf 89' lang='lat' dir='ltr'>Sed</span> <span class='ocrx_word' id='word_1_766' title='bbox 1585 3388 1666 3438; x_wconf 87' lang='lat' dir='ltr'>misso</span> <span class='ocrx_word' id='word_1_767' title='bbox 1685 3384 1734 3437; x_wconf 88' lang='lat' dir='ltr'>boc</span> <span class='ocrx_word' id='word_1_768' title='bbox 1751 3385 1834 3454; x_wconf 86' lang='lat' dir='ltr'>impio</span> <span class='ocrx_word' id='word_1_769' title='bbox 1852 3389 1970 3441; x_wconf 84' lang='lat' dir='ltr'>remedio</span> <span class='ocrx_word' id='word_1_770' title='bbox 1986 3423 1995 3450; x_wconf 91' lang='lat'>,</span> <span class='ocrx_word' id='word_1_771' title='bbox 2012 3389 2045 3443; x_wconf 83' lang='lat' dir='ltr'>ds</span> 
     </span>
     <span class='ocr_line' id='line_1_100' title="bbox 1225 3467 2090 3542; baseline 0.006 -20"><span class='ocrx_word' id='word_1_772' title='bbox 1225 3471 1287 3522; x_wconf 90' lang='lat' dir='ltr'>aliis</span> <span class='ocrx_word' id='word_1_773' title='bbox 1304 3471 1387 3522; x_wconf 88' lang='lat' dir='ltr'>licitis</span> <span class='ocrx_word' id='word_1_774' title='bbox 1405 3470 1545 3539; x_wconf 86' lang='lat' dir='ltr'>agendum.</span> <span class='ocrx_word' id='word_1_775' title='bbox 1564 3469 1595 3521; x_wconf 82' lang='lat' dir='ltr'>lit</span> <span class='ocrx_word' id='word_1_776' title='bbox 1612 3467 1657 3540; x_wconf 85' lang='grc' dir='ltr'>(Ι)</span> <span class='ocrx_word' id='word_1_777' title='bbox 1674 3469 1782 3540; x_wconf 81' lang='lat' dir='ltr'>quidem</span> <span class='ocrx_word' id='word_1_778' title='bbox 1802 3469 1869 3523; x_wconf 89' lang='lat' dir='ltr'>utile</span> <span class='ocrx_word' id='word_1_779' title='bbox 1887 3470 1962 3530; x_wconf 78' lang='lat' dir='ltr'>foret,</span> <span class='ocrx_word' id='word_1_780' title='bbox 1983 3489 2043 3526; x_wconf 83' lang='lat' dir='ltr'>rest·</span> <span class='ocrx_word' id='word_1_781' title='bbox 2061 3491 2090 3542; x_wconf 76' lang='lat' dir='ltr'><em>u</em></span> 
     </span>
     <span class='ocr_line' id='line_1_101' title="bbox 1225 3555 2043 3622; baseline 0.004 -16"><span class='ocrx_word' id='word_1_782' title='bbox 1225 3572 1295 3607; x_wconf 87' lang='lat' dir='ltr'>sores</span> <span class='ocrx_word' id='word_1_783' title='bbox 1313 3571 1413 3607; x_wconf 77' lang='lat' dir='ltr'>mortun</span> <span class='ocrx_word' id='word_1_784' title='bbox 1432 3556 1552 3622; x_wconf 83' lang='lat' dir='ltr'>exemplo</span> <span class='ocrx_word' id='word_1_785' title='bbox 1566 3555 1741 3607; x_wconf 83' lang='lat' dir='ltr'>Rornanorum</span> <span class='ocrx_word' id='word_1_786' title='bbox 1762 3567 1875 3607; x_wconf 80' lang='lat' dir='ltr'>ceterum</span> <span class='ocrx_word' id='word_1_787' title='bbox 1895 3557 2043 3619; x_wconf 87' lang='lat' dir='ltr'>instituere,</span> 
     </span>
     <span class='ocr_line' id='line_1_102' title="bbox 1225 3637 2043 3706; baseline 0.004 -16"><span class='ocrx_word' id='word_1_788' title='bbox 1225 3656 1333 3706; x_wconf 89' lang='lat' dir='ltr'>quornm</span> <span class='ocrx_word' id='word_1_789' title='bbox 1354 3655 1461 3692; x_wconf 89' lang='lat' dir='ltr'>censura</span> <span class='ocrx_word' id='word_1_790' title='bbox 1481 3639 1519 3689; x_wconf 92' lang='lat' dir='ltr'>uti</span> <span class='ocrx_word' id='word_1_791' title='bbox 1542 3637 1622 3689; x_wconf 85' lang='lat' dir='ltr'>ruralia</span> <span class='ocrx_word' id='word_1_792' title='bbox 1640 3637 1705 3689; x_wconf 84' lang='lat' dir='ltr'>ritis</span> <span class='ocrx_word' id='word_1_793' title='bbox 1723 3640 1940 3703; x_wconf 85' lang='lat' dir='ltr'>corrigerentur,</span> <span class='ocrx_word' id='word_1_794' title='bbox 1967 3651 1997 3692; x_wconf 88' lang='lat' dir='ltr'>et</span> <span class='ocrx_word' id='word_1_795' title='bbox 2016 3643 2043 3692; x_wconf 86' lang='lat' dir='ltr'>in</span> 
     </span>
     <span class='ocr_line' id='line_1_103' title="bbox 1226 3719 2047 3794; baseline 0.001 -23"><span class='ocrx_word' id='word_1_796' title='bbox 1226 3720 1342 3774; x_wconf 79' lang='lat' dir='ltr'>futurum</span> <span class='ocrx_word' id='word_1_797' title='bbox 1363 3733 1590 3790; x_wconf 87' lang='lat' dir='ltr'>praeeuserentur,</span> <span class='ocrx_word' id='word_1_798' title='bbox 1611 3721 1646 3774; x_wconf 87' lang='lat' dir='ltr'>ila</span> <span class='ocrx_word' id='word_1_799' title='bbox 1665 3719 1713 3772; x_wconf 90' lang='lat' dir='ltr'>boo</span> <span class='ocrx_word' id='word_1_800' title='bbox 1730 3737 1845 3791; x_wconf 89' lang='lat' dir='ltr'>quoque,</span> <span class='ocrx_word' id='word_1_801' title='bbox 1865 3733 1889 3772; x_wconf 90' lang='lat' dir='ltr'>et</span> <span class='ocrx_word' id='word_1_802' title='bbox 1916 3723 1960 3773; x_wconf 91' lang='lat' dir='ltr'>illa</span> <span class='ocrx_word' id='word_1_803' title='bbox 1980 3743 2047 3794; x_wconf 67' lang='lat' dir='ltr'>quaa</span> 
     </span>
     <span class='ocr_line' id='line_1_104' title="bbox 1228 3803 2042 3871; baseline 0.004 -17"><span class='ocrx_word' id='word_1_804' title='bbox 1228 3803 1271 3855; x_wconf 90' lang='lat' dir='ltr'>isti</span> <span class='ocrx_word' id='word_1_805' title='bbox 1291 3820 1392 3856; x_wconf 80' lang='lat' dir='ltr'>cansarn</span> <span class='ocrx_word' id='word_1_806' title='bbox 1415 3805 1486 3855; x_wconf 78' lang='lat' dir='ltr'>slent.</span> <span class='ocrx_word' id='word_1_807' title='bbox 1518 3803 1598 3864; x_wconf 81' lang='lat' dir='ltr'>Cuins</span> <span class='ocrx_word' id='word_1_808' title='bbox 1629 3803 1797 3871; x_wconf 66' lang='lat' dir='ltr'>magistratus</span> <span class='ocrx_word' id='word_1_809' title='bbox 1827 3806 2042 3860; x_wconf 86' lang='lat' dir='ltr'>constitutionem</span> 
     </span>
     <span class='ocr_line' id='line_1_105' title="bbox 1225 3885 2042 3955; baseline 0.005 -17"><span class='ocrx_word' id='word_1_810' title='bbox 1225 3889 1275 3954; x_wconf 78' lang='lat' dir='ltr'>iarn</span> <span class='ocrx_word' id='word_1_811' title='bbox 1295 3889 1358 3940; x_wconf 88' lang='lat' dir='ltr'>olim</span> <span class='ocrx_word' id='word_1_812' title='bbox 1379 3887 1459 3938; x_wconf 81' lang='lat' dir='ltr'>sunsit</span> <span class='ocrx_word' id='word_1_813' title='bbox 1479 3885 1576 3938; x_wconf 84' lang='lat' dir='ltr'>lindisi.</span> <span class='ocrx_word' id='word_1_814' title='bbox 1594 3887 1625 3939; x_wconf 84' lang='lat' dir='ltr'>cle</span> <span class='ocrx_word' id='word_1_815' title='bbox 1636 3905 1689 3952; x_wconf 82' lang='lat' dir='ltr'>rep.</span> <span class='ocrx_word' id='word_1_816' title='bbox 1703 3889 1719 3941; x_wconf 87' lang='lat' dir='ltr'>l.</span> <span class='ocrx_word' id='word_1_817' title='bbox 1733 3889 1758 3938; x_wconf 77' lang='grc'>6.</span> <span class='ocrx_word' id='word_1_818' title='bbox 1772 3906 1795 3940; x_wconf 87' lang='lat' dir='ltr'>e.</span> <span class='ocrx_word' id='word_1_819' title='bbox 1810 3892 1834 3942; x_wconf 90' lang='grc'><strong>1.</strong></span> <span class='ocrx_word' id='word_1_820' title='bbox 1848 3898 1871 3940; x_wconf 94' lang='lat' dir='ltr'>et</span> <span class='ocrx_word' id='word_1_821' title='bbox 1891 3901 1951 3955; x_wconf 92' lang='lat' dir='ltr'>post</span> <span class='ocrx_word' id='word_1_822' title='bbox 1972 3890 2042 3942; x_wconf 89' lang='lat' dir='ltr'>bunc</span> 
     </span>
     <span class='ocr_line' id='line_1_106' title="bbox 1225 3970 2044 4038; baseline 0.004 -16"><span class='ocrx_word' id='word_1_823' title='bbox 1225 3975 1305 4024; x_wconf 74' lang='lat' dir='ltr'>vent.</span> <span class='ocrx_word' id='word_1_824' title='bbox 1324 3973 1357 4023; x_wconf 82' lang='lat' dir='ltr'>sle</span> <span class='ocrx_word' id='word_1_825' title='bbox 1375 3972 1477 4022; x_wconf 85' lang='lat' dir='ltr'>Valent.</span> <span class='ocrx_word' id='word_1_826' title='bbox 1495 3970 1514 4022; x_wconf 87' lang='lat' dir='ltr'>l.</span> <span class='ocrx_word' id='word_1_827' title='bbox 1528 3971 1551 4022; x_wconf 75' lang='lat'>2.</span> <span class='ocrx_word' id='word_1_828' title='bbox 1566 3981 1636 4035; x_wconf 83' lang='lat' dir='ltr'>port.</span> <span class='ocrx_word' id='word_1_829' title='bbox 1652 3970 1718 4038; x_wconf 80' lang='lat' dir='ltr'>lirig.</span> <span class='ocrx_word' id='word_1_830' title='bbox 1732 3989 1756 4023; x_wconf 91' lang='lat' dir='ltr'>e.</span> <span class='ocrx_word' id='word_1_831' title='bbox 1767 3971 1794 4022; x_wconf 78' lang='grc' dir='ltr'>θ.</span> <span class='ocrx_word' id='word_1_832' title='bbox 1808 3990 1835 4024; x_wconf 86' lang='lat' dir='ltr'>n.</span> <span class='ocrx_word' id='word_1_833' title='bbox 1859 3971 1901 4021; x_wconf 70' lang='lat'>29.</span> <span class='ocrx_word' id='word_1_834' title='bbox 1924 3981 1950 4021; x_wconf 87' lang='lat' dir='ltr'>et</span> <span class='ocrx_word' id='word_1_835' title='bbox 1961 3989 1984 4024; x_wconf 84' lang='lat' dir='ltr'>c.</span> <span class='ocrx_word' id='word_1_836' title='bbox 2005 3976 2044 4025; x_wconf 92' lang='lat' dir='ltr'>tt.</span> 
     </span>
     <span class='ocr_line' id='line_1_107' title="bbox 1226 4052 2088 4123; baseline 0 -19"><span class='ocrx_word' id='word_1_837' title='bbox 1226 4073 1253 4106; x_wconf 87' lang='lat' dir='ltr'>n.</span> <span class='ocrx_word' id='word_1_838' title='bbox 1266 4055 1290 4106; x_wconf 70' lang='lat'>2,</span> <span class='ocrx_word' id='word_1_839' title='bbox 1303 4064 1328 4106; x_wconf 84' lang='lat' dir='ltr'>et</span> <span class='ocrx_word' id='word_1_840' title='bbox 1340 4071 1411 4122; x_wconf 82' lang='lat' dir='ltr'>seqq.</span> <span class='ocrx_word' id='word_1_841' title='bbox 1422 4052 1464 4120; x_wconf 76' lang='lat'>(¹2)</span> <span class='ocrx_word' id='word_1_842' title='bbox 1481 4064 1507 4103; x_wconf 95' lang='lat' dir='ltr'>ut</span> <span class='ocrx_word' id='word_1_843' title='bbox 1524 4053 1697 4120; x_wconf 84' lang='lat' dir='ltr'>inquisitores</span> <span class='ocrx_word' id='word_1_844' title='bbox 1721 4057 1857 4123; x_wconf 85' lang='lat' dir='ltr'>generales</span> <span class='ocrx_word' id='word_1_845' title='bbox 1880 4056 2043 4110; x_wconf 73' lang='lat' dir='ltr'>malitiarum</span> <span class='ocrx_word' id='word_1_846' title='bbox 2060 4062 2088 4113; x_wconf 72' lang='lat'>15</span> 
     </span>
     <span class='ocr_line' id='line_1_108' title="bbox 1225 4138 2044 4204; baseline 0.01 -19"><span class='ocrx_word' id='word_1_847' title='bbox 1225 4147 1249 4185; x_wconf 91' lang='lat' dir='ltr'>et</span> <span class='ocrx_word' id='word_1_848' title='bbox 1262 4138 1450 4189; x_wconf 69' lang='lat' dir='ltr'>calumniarum</span> <span class='ocrx_word' id='word_1_849' title='bbox 1463 4149 1514 4188; x_wconf 86' lang='lat' dir='ltr'>tsrn</span> <span class='ocrx_word' id='word_1_850' title='bbox 1529 4139 1555 4187; x_wconf 87' lang='lat' dir='ltr'>ln</span> <span class='ocrx_word' id='word_1_851' title='bbox 1572 4138 1682 4204; x_wconf 74' lang='lat' dir='ltr'>judiciis</span> <span class='ocrx_word' id='word_1_852' title='bbox 1693 4157 1768 4204; x_wconf 86' lang='lat' dir='ltr'>quam</span> <span class='ocrx_word' id='word_1_853' title='bbox 1784 4140 1811 4190; x_wconf 88' lang='lat' dir='ltr'>in</span> <span class='ocrx_word' id='word_1_854' title='bbox 1827 4141 2007 4193; x_wconf 74' lang='lat' dir='ltr'>mulcentibus</span> <span class='ocrx_word' id='word_1_855' title='bbox 2020 4149 2044 4193; x_wconf 82' lang='lat' dir='ltr'>sl</span> 
     </span>
     <span class='ocr_line' id='line_1_109' title="bbox 1226 4219 2043 4294; baseline 0.007 -25"><span class='ocrx_word' id='word_1_856' title='bbox 1226 4219 1284 4270; x_wconf 84' lang='lat' dir='ltr'>altis</span> <span class='ocrx_word' id='word_1_857' title='bbox 1304 4219 1413 4287; x_wconf 85' lang='lat' dir='ltr'>negotiis</span> <span class='ocrx_word' id='word_1_858' title='bbox 1435 4221 1664 4274; x_wconf 85' lang='lat' dir='ltr'>iraterreuientium</span> <span class='ocrx_word' id='word_1_859' title='bbox 1692 4222 1912 4290; x_wconf 82' lang='lat' dir='ltr'>introducantur,</span> <span class='ocrx_word' id='word_1_860' title='bbox 1936 4225 1981 4294; x_wconf 91' lang='lat' dir='ltr'>qui</span> <span class='ocrx_word' id='word_1_861' title='bbox 2017 4227 2043 4277; x_wconf 88' lang='lat' dir='ltr'>in</span> 
     </span>
     <span class='ocr_line' id='line_1_110' title="bbox 1225 4302 2043 4373; baseline 0.005 -19"><span class='ocrx_word' id='word_1_862' title='bbox 1225 4315 1278 4354; x_wconf 88' lang='lat' dir='ltr'>eota</span> <span class='ocrx_word' id='word_1_863' title='bbox 1292 4302 1429 4366; x_wconf 86' lang='lat' dir='ltr'>inquirant</span> <span class='ocrx_word' id='word_1_864' title='bbox 1441 4312 1465 4355; x_wconf 91' lang='lat' dir='ltr'>et</span> <span class='ocrx_word' id='word_1_865' title='bbox 1481 4315 1626 4372; x_wconf 78' lang='lat' dir='ltr'>conspectos</span> <span class='ocrx_word' id='word_1_866' title='bbox 1640 4305 1784 4356; x_wconf 79' lang='lat' dir='ltr'>calumnias</span> <span class='ocrx_word' id='word_1_867' title='bbox 1803 4305 1856 4358; x_wconf 92' lang='lat' dir='ltr'>acri</span> <span class='ocrx_word' id='word_1_868' title='bbox 1886 4323 1966 4373; x_wconf 82' lang='lat' dir='ltr'>poena</span> <span class='ocrx_word' id='word_1_869' title='bbox 1985 4308 2043 4358; x_wconf 85' lang='lat' dir='ltr'>aio·</span> 
     </span>
     <span class='ocr_line' id='line_1_111' title="bbox 1227 4387 2084 4467; baseline 0.011 -33"><span class='ocrx_word' id='word_1_870' title='bbox 1227 4389 1325 4438; x_wconf 76' lang='lat' dir='ltr'>«licent.</span> <span class='ocrx_word' id='word_1_871' title='bbox 1340 4393 1421 4440; x_wconf 71' lang='lat' dir='ltr'>ient.</span> <span class='ocrx_word' id='word_1_872' title='bbox 1433 4387 1466 4438; x_wconf 91' lang='lat' dir='ltr'>de</span> <span class='ocrx_word' id='word_1_873' title='bbox 1477 4388 1535 4438; x_wconf 72' lang='lat' dir='ltr'>vit.</span> <span class='ocrx_word' id='word_1_874' title='bbox 1549 4389 1567 4438; x_wconf 89' lang='lat' dir='ltr'>l.</span> <span class='ocrx_word' id='word_1_875' title='bbox 1582 4388 1608 4438; x_wconf 72' lang='lat'>2.</span> <span class='ocrx_word' id='word_1_876' title='bbox 1618 4387 1706 4452; x_wconf 84' lang='lat' dir='ltr'>pnrrlr.</span> <span class='ocrx_word' id='word_1_877' title='bbox 1716 4388 1782 4458; x_wconf 80' lang='lat' dir='ltr'>dilig.</span> <span class='ocrx_word' id='word_1_878' title='bbox 1795 4407 1818 4440; x_wconf 90' lang='lat' dir='ltr'>c.</span> <span class='ocrx_word' id='word_1_879' title='bbox 1831 4390 1856 4440; x_wconf 89' lang='lat'>8.</span> <span class='ocrx_word' id='word_1_880' title='bbox 1869 4407 1896 4441; x_wconf 90' lang='lat' dir='ltr'>rs.</span> <span class='ocrx_word' id='word_1_881' title='bbox 1924 4391 1984 4441; x_wconf 85' lang='lat' dir='ltr'>ltu.</span> <span class='ocrx_word' id='word_1_882' title='bbox 1999 4391 2041 4460; x_wconf 80' lang='lat' dir='ltr'>(t)</span> <span class='ocrx_word' id='word_1_883' title='bbox 2057 4414 2084 4467; x_wconf 73' lang='lat' dir='ltr'>gg</span> 
     </span>
     <span class='ocr_line' id='line_1_112' title="bbox 1226 4471 2039 4542; baseline 0.004 -19"><span class='ocrx_word' id='word_1_884' title='bbox 1226 4471 1260 4523; x_wconf 88' lang='lat' dir='ltr'>Ut</span> <span class='ocrx_word' id='word_1_885' title='bbox 1282 4471 1437 4522; x_wconf 85' lang='lat' dir='ltr'>lrertarchue</span> <span class='ocrx_word' id='word_1_886' title='bbox 1453 4471 1649 4523; x_wconf 84' lang='lat' dir='ltr'>constituantur</span> <span class='ocrx_word' id='word_1_887' title='bbox 1668 4471 1730 4523; x_wconf 88' lang='lat' dir='ltr'>boni</span> <span class='ocrx_word' id='word_1_888' title='bbox 1749 4473 1800 4524; x_wconf 85' lang='lat' dir='ltr'>siri</span> <span class='ocrx_word' id='word_1_889' title='bbox 1832 4483 1856 4525; x_wconf 92' lang='lat' dir='ltr'>et</span> <span class='ocrx_word' id='word_1_890' title='bbox 1875 4474 1975 4539; x_wconf 76' lang='lat' dir='ltr'>jurati,</span> <span class='ocrx_word' id='word_1_891' title='bbox 1994 4475 2039 4542; x_wconf 91' lang='lat' dir='ltr'>qui</span> 
     </span>
     <span class='ocr_line' id='line_1_113' title="bbox 1226 4553 2040 4622; baseline 0.009 -18"><span class='ocrx_word' id='word_1_892' title='bbox 1226 4553 1368 4605; x_wconf 80' lang='lat' dir='ltr'>culumnins</span> <span class='ocrx_word' id='word_1_893' title='bbox 1391 4555 1525 4622; x_wconf 85' lang='lat' dir='ltr'>aperirent</span> <span class='ocrx_word' id='word_1_894' title='bbox 1544 4555 1705 4622; x_wconf 87' lang='lat' dir='ltr'>magistratui</span> <span class='ocrx_word' id='word_1_895' title='bbox 1731 4558 1762 4606; x_wconf 76' lang='lat' dir='ltr'>acl</span> <span class='ocrx_word' id='word_1_896' title='bbox 1788 4557 2040 4612; x_wconf 81' lang='lat' dir='ltr'>animadversionem</span> 
     </span>
     <span class='ocr_line' id='line_1_114' title="bbox 1227 4631 2087 4700; baseline 0.007 -14"><span class='ocrx_word' id='word_1_897' title='bbox 1227 4639 1259 4691; x_wconf 80' lang='lat' dir='ltr'>cle</span> <span class='ocrx_word' id='word_1_898' title='bbox 1277 4639 1446 4692; x_wconf 86' lang='lat' dir='ltr'>calumniosis</span> <span class='ocrx_word' id='word_1_899' title='bbox 1464 4637 1632 4700; x_wconf 70' lang='lat' dir='ltr'>sumendam,</span> <span class='ocrx_word' id='word_1_900' title='bbox 1645 4640 1730 4692; x_wconf 86' lang='lat' dir='ltr'>Sicuti</span> <span class='ocrx_word' id='word_1_901' title='bbox 1751 4643 1777 4692; x_wconf 95' lang='lat' dir='ltr'>in</span> <span class='ocrx_word' id='word_1_902' title='bbox 1806 4641 1897 4692; x_wconf 80' lang='lat' dir='ltr'>ltaliue</span> <span class='ocrx_word' id='word_1_903' title='bbox 1927 4642 2041 4694; x_wconf 88' lang='lat' dir='ltr'>eisitati·</span> <span class='ocrx_word' id='word_1_904' title='bbox 2058 4631 2087 4683; x_wconf 70' lang='lat' dir='ltr'>ll</span> 
     </span>
     <span class='ocr_line' id='line_1_115' title="bbox 1226 4721 2040 4792; baseline -0.004 -16"><span class='ocrx_word' id='word_1_905' title='bbox 1226 4725 1274 4776; x_wconf 90' lang='lat' dir='ltr'>bus</span> <span class='ocrx_word' id='word_1_906' title='bbox 1293 4724 1356 4776; x_wconf 84' lang='lat' dir='ltr'>tales</span> <span class='ocrx_word' id='word_1_907' title='bbox 1375 4723 1545 4792; x_wconf 85' lang='lat' dir='ltr'>speculatores</span> <span class='ocrx_word' id='word_1_908' title='bbox 1558 4723 1591 4772; x_wconf 90' lang='lat' dir='ltr'>ali</span> <span class='ocrx_word' id='word_1_909' title='bbox 1603 4724 1722 4774; x_wconf 82' lang='lat' dir='ltr'>tctomm</span> <span class='ocrx_word' id='word_1_910' title='bbox 1738 4721 1865 4774; x_wconf 81' lang='lat' dir='ltr'>italorum</span> <span class='ocrx_word' id='word_1_911' title='bbox 1879 4725 1977 4792; x_wconf 88' lang='lat' dir='ltr'>scripta</span> <span class='ocrx_word' id='word_1_912' title='bbox 1997 4723 2040 4778; x_wconf 82' lang='lat' dir='ltr'>ile·</span> 
     </span>
     <span class='ocr_line' id='line_1_116' title="bbox 1229 4803 2043 4873; baseline -0.006 -14"><span class='ocrx_word' id='word_1_913' title='bbox 1229 4817 1381 4861; x_wconf 88' lang='lat' dir='ltr'>monstrant.</span> <span class='ocrx_word' id='word_1_914' title='bbox 1401 4805 1467 4859; x_wconf 80' lang='lat' dir='ltr'>Nam</span> <span class='ocrx_word' id='word_1_915' title='bbox 1486 4805 1526 4858; x_wconf 92' lang='lat' dir='ltr'>sio</span> <span class='ocrx_word' id='word_1_916' title='bbox 1544 4803 1653 4873; x_wconf 86' lang='lat' dir='ltr'>plurimi</span> <span class='ocrx_word' id='word_1_917' title='bbox 1675 4803 1789 4856; x_wconf 83' lang='lat' dir='ltr'>malitias</span> <span class='ocrx_word' id='word_1_918' title='bbox 1802 4820 1860 4857; x_wconf 88' lang='lat' dir='ltr'>suas</span> <span class='ocrx_word' id='word_1_919' title='bbox 1877 4803 1980 4857; x_wconf 81' lang='lat' dir='ltr'>lucilius</span> <span class='ocrx_word' id='word_1_920' title='bbox 1993 4824 2043 4857; x_wconf 81' lang='lat' dir='ltr'>ros·</span> 
     </span>
     <span class='ocr_line' id='line_1_117' title="bbox 1230 4886 2041 4944; baseline -0.006 -2"><span class='ocrx_word' id='word_1_921' title='bbox 1230 4891 1392 4944; x_wconf 76' lang='lat' dir='ltr'>oilestrnrlas</span> <span class='ocrx_word' id='word_1_922' title='bbox 1425 4897 1570 4944; x_wconf 87' lang='lat' dir='ltr'>metuentes</span> <span class='ocrx_word' id='word_1_923' title='bbox 1599 4886 1724 4940; x_wconf 86' lang='lat' dir='ltr'>omissuri</span> <span class='ocrx_word' id='word_1_924' title='bbox 1753 4903 1796 4940; x_wconf 90' lang='lat' dir='ltr'>eas</span> <span class='ocrx_word' id='word_1_925' title='bbox 1823 4887 1916 4941; x_wconf 81' lang='lat' dir='ltr'>forent.</span> <span class='ocrx_word' id='word_1_926' title='bbox 1946 4888 2041 4940; x_wconf 78' lang='lat' dir='ltr'>contar.</span> 
     </span>
     <span class='ocr_line' id='line_1_118' title="bbox 1228 4971 2085 5040; baseline -0.007 -12"><span class='ocrx_word' id='word_1_927' title='bbox 1228 4977 1307 5028; x_wconf 80' lang='lat' dir='ltr'>Veot.</span> <span class='ocrx_word' id='word_1_928' title='bbox 1325 4974 1358 5026; x_wconf 87' lang='lat' dir='ltr'>de</span> <span class='ocrx_word' id='word_1_929' title='bbox 1376 4975 1434 5027; x_wconf 78' lang='lat' dir='ltr'>Vni.</span> <span class='ocrx_word' id='word_1_930' title='bbox 1453 4973 1478 5025; x_wconf 75' lang='lat' dir='ltr'>tl.</span> <span class='ocrx_word' id='word_1_931' title='bbox 1489 4973 1507 5023; x_wconf 90' lang='lat' dir='ltr'>l.</span> <span class='ocrx_word' id='word_1_932' title='bbox 1522 4972 1547 5023; x_wconf 73' lang='lat'>2.</span> <span class='ocrx_word' id='word_1_933' title='bbox 1560 4987 1583 5024; x_wconf 91' lang='lat' dir='ltr'>c.</span> <span class='ocrx_word' id='word_1_934' title='bbox 1596 4971 1640 5022; x_wconf 75' lang='lat' dir='ltr'>tc.</span> <span class='ocrx_word' id='word_1_935' title='bbox 1655 4988 1682 5024; x_wconf 86' lang='lat' dir='ltr'>ra.</span> <span class='ocrx_word' id='word_1_936' title='bbox 1696 4971 1723 5022; x_wconf 85' lang='grc'>3.</span> <span class='ocrx_word' id='word_1_937' title='bbox 1735 4980 1762 5022; x_wconf 90' lang='lat' dir='ltr'>et</span> <span class='ocrx_word' id='word_1_938' title='bbox 1778 4987 1848 5040; x_wconf 79' lang='lat' dir='ltr'>seqq.</span> <span class='ocrx_word' id='word_1_939' title='bbox 1870 4983 1897 5025; x_wconf 86' lang='lat' dir='ltr'>et</span> <span class='ocrx_word' id='word_1_940' title='bbox 1918 4991 1944 5022; x_wconf 90' lang='lat' dir='ltr'>n.</span> <span class='ocrx_word' id='word_1_941' title='bbox 1965 4971 2041 5040; x_wconf 76' lang='grc'>9.(1)</span> <span class='ocrx_word' id='word_1_942' title='bbox 2057 4983 2085 5036; x_wconf 70' lang='lat' dir='ltr'>tn</span> 
     </span>
     <span class='ocr_line' id='line_1_119' title="bbox 1228 5053 2042 5125; baseline -0.006 -15"><span class='ocrx_word' id='word_1_943' title='bbox 1228 5059 1263 5111; x_wconf 88' lang='lat' dir='ltr'>Ut</span> <span class='ocrx_word' id='word_1_944' title='bbox 1281 5057 1332 5110; x_wconf 92' lang='lat' dir='ltr'>siri</span> <span class='ocrx_word' id='word_1_945' title='bbox 1352 5055 1468 5125; x_wconf 88' lang='lat' dir='ltr'>religiosi</span> <span class='ocrx_word' id='word_1_946' title='bbox 1489 5053 1585 5108; x_wconf 89' lang='lat' dir='ltr'>literati</span> <span class='ocrx_word' id='word_1_947' title='bbox 1605 5064 1632 5106; x_wconf 91' lang='lat' dir='ltr'>et</span> <span class='ocrx_word' id='word_1_948' title='bbox 1651 5053 1791 5122; x_wconf 89' lang='lat' dir='ltr'>prodentes</span> <span class='ocrx_word' id='word_1_949' title='bbox 1815 5055 1845 5106; x_wconf 90' lang='lat' dir='ltr'>in</span> <span class='ocrx_word' id='word_1_950' title='bbox 1871 5053 1970 5121; x_wconf 76' lang='lat' dir='ltr'>indices</span> <span class='ocrx_word' id='word_1_951' title='bbox 1995 5057 2042 5107; x_wconf 91' lang='lat' dir='ltr'>ell-</span> 
     </span>
     <span class='ocr_line' id='line_1_120' title="bbox 1229 5136 2041 5209; baseline -0.005 -17"><span class='ocrx_word' id='word_1_952' title='bbox 1229 5151 1337 5209; x_wconf 89' lang='lat' dir='ltr'>gantnr,</span> <span class='ocrx_word' id='word_1_953' title='bbox 1357 5151 1380 5193; x_wconf 91' lang='lat' dir='ltr'>et</span> <span class='ocrx_word' id='word_1_954' title='bbox 1397 5139 1485 5206; x_wconf 84' lang='lat' dir='ltr'>quales</span> <span class='ocrx_word' id='word_1_955' title='bbox 1504 5139 1620 5206; x_wconf 89' lang='lat' dir='ltr'>requirit</span> <span class='ocrx_word' id='word_1_956' title='bbox 1638 5136 1732 5189; x_wconf 81' lang='lat' dir='ltr'>tethro</span> <span class='ocrx_word' id='word_1_957' title='bbox 1750 5138 1778 5188; x_wconf 92' lang='lat' dir='ltr'>in</span> <span class='ocrx_word' id='word_1_958' title='bbox 1809 5153 1832 5189; x_wconf 89' lang='lat' dir='ltr'>c.</span> <span class='ocrx_word' id='word_1_959' title='bbox 1858 5137 1901 5189; x_wconf 85' lang='grc'><strong>18.</strong></span> <span class='ocrx_word' id='word_1_960' title='bbox 1925 5137 2041 5199; x_wconf 72' lang='lat' dir='ltr'>Esou..</span> 
     </span>
     <span class='ocr_line' id='line_1_121' title="bbox 1231 5219 2042 5292; baseline -0.002 -18"><span class='ocrx_word' id='word_1_961' title='bbox 1231 5241 1282 5275; x_wconf 91' lang='lat' dir='ltr'>noo</span> <span class='ocrx_word' id='word_1_962' title='bbox 1300 5238 1386 5275; x_wconf 88' lang='lat' dir='ltr'>autern</span> <span class='ocrx_word' id='word_1_963' title='bbox 1406 5221 1524 5292; x_wconf 90' lang='lat' dir='ltr'>imperiti</span> <span class='ocrx_word' id='word_1_964' title='bbox 1545 5237 1613 5274; x_wconf 87' lang='lat' dir='ltr'>mera</span> <span class='ocrx_word' id='word_1_965' title='bbox 1632 5221 1712 5288; x_wconf 79' lang='lat' dir='ltr'>gratia</span> <span class='ocrx_word' id='word_1_966' title='bbox 1726 5221 1766 5272; x_wconf 92' lang='lat' dir='ltr'>sel</span> <span class='ocrx_word' id='word_1_967' title='bbox 1784 5219 1808 5272; x_wconf 93' lang='lat' dir='ltr'>si</span> <span class='ocrx_word' id='word_1_968' title='bbox 1822 5219 1988 5289; x_wconf 84' lang='lat' dir='ltr'>pecuniarum</span> <span class='ocrx_word' id='word_1_969' title='bbox 2005 5223 2042 5272; x_wconf 90' lang='lat' dir='ltr'>in·</span> 
     </span>
     <span class='ocr_line' id='line_1_122' title="bbox 1227 5303 2041 5371; baseline 0.001 -12"><span class='ocrx_word' id='word_1_970' title='bbox 1227 5308 1378 5371; x_wconf 83' lang='lat' dir='ltr'>trrulantur,</span> <span class='ocrx_word' id='word_1_971' title='bbox 1403 5307 1442 5360; x_wconf 87' lang='lat' dir='ltr'>sel</span> <span class='ocrx_word' id='word_1_972' title='bbox 1460 5305 1657 5358; x_wconf 89' lang='lat' dir='ltr'>concinnatores</span> <span class='ocrx_word' id='word_1_973' title='bbox 1681 5305 1780 5356; x_wconf 88' lang='lat' dir='ltr'>litium.</span> <span class='ocrx_word' id='word_1_974' title='bbox 1811 5303 1879 5357; x_wconf 76' lang='lat' dir='ltr'>enni.</span> <span class='ocrx_word' id='word_1_975' title='bbox 1904 5307 1980 5358; x_wconf 85' lang='lat' dir='ltr'>Vent.</span> <span class='ocrx_word' id='word_1_976' title='bbox 2009 5309 2041 5360; x_wconf 84' lang='lat' dir='ltr'>rle</span> 
     </span>
     <span class='ocr_line' id='line_1_123' title="bbox 1226 5389 2086 5465; baseline 0.002 -23"><span class='ocrx_word' id='word_1_977' title='bbox 1226 5392 1286 5444; x_wconf 80' lang='lat' dir='ltr'>Vel.</span> <span class='ocrx_word' id='word_1_978' title='bbox 1301 5391 1321 5442; x_wconf 87' lang='lat' dir='ltr'>l.</span> <span class='ocrx_word' id='word_1_979' title='bbox 1334 5391 1359 5440; x_wconf 70' lang='lat'>2.</span> <span class='ocrx_word' id='word_1_980' title='bbox 1372 5391 1464 5457; x_wconf 76' lang='lat' dir='ltr'>parcit.</span> <span class='ocrx_word' id='word_1_981' title='bbox 1477 5389 1543 5458; x_wconf 81' lang='lat' dir='ltr'>litig.</span> <span class='ocrx_word' id='word_1_982' title='bbox 1556 5409 1581 5442; x_wconf 88' lang='lat' dir='ltr'>c.</span> <span class='ocrx_word' id='word_1_983' title='bbox 1599 5392 1639 5442; x_wconf 85' lang='grc'><strong>10.</strong></span> <span class='ocrx_word' id='word_1_984' title='bbox 1651 5409 1678 5441; x_wconf 86' lang='lat' dir='ltr'>n.</span> <span class='ocrx_word' id='word_1_985' title='bbox 1696 5391 1738 5440; x_wconf 77' lang='lat' dir='ltr'>ts.</span> <span class='ocrx_word' id='word_1_986' title='bbox 1752 5399 1780 5440; x_wconf 85' lang='lat' dir='ltr'>et</span> <span class='ocrx_word' id='word_1_987' title='bbox 1791 5406 1860 5458; x_wconf 82' lang='lat' dir='ltr'>seqq.</span> <span class='ocrx_word' id='word_1_988' title='bbox 1888 5391 1918 5442; x_wconf 90' lang='lat' dir='ltr'>ln</span> <span class='ocrx_word' id='word_1_989' title='bbox 1932 5391 2040 5457; x_wconf 74' lang='lat' dir='ltr'>iudicio·</span> <span class='ocrx_word' id='word_1_990' title='bbox 2058 5414 2086 5465; x_wconf 73' lang='lat' dir='ltr'>tp</span> 
     </span>
     <span class='ocr_line' id='line_1_124' title="bbox 1229 5473 2041 5544; baseline 0.002 -18"><span class='ocrx_word' id='word_1_991' title='bbox 1229 5491 1286 5526; x_wconf 90' lang='lat' dir='ltr'>rurn</span> <span class='ocrx_word' id='word_1_992' title='bbox 1308 5475 1471 5544; x_wconf 84' lang='lat' dir='ltr'>superiorum</span> <span class='ocrx_word' id='word_1_993' title='bbox 1491 5473 1707 5527; x_wconf 85' lang='lat' dir='ltr'>ordinationibus</span> <span class='ocrx_word' id='word_1_994' title='bbox 1725 5474 1784 5526; x_wconf 89' lang='lat' dir='ltr'>ideo</span> <span class='ocrx_word' id='word_1_995' title='bbox 1803 5476 1869 5526; x_wconf 88' lang='lat' dir='ltr'>solet</span> <span class='ocrx_word' id='word_1_996' title='bbox 1895 5489 1952 5526; x_wconf 85' lang='lat' dir='ltr'>esse</span> <span class='ocrx_word' id='word_1_997' title='bbox 1970 5491 2041 5544; x_wconf 80' lang='lat' dir='ltr'>prae·</span> 
     </span>
     <span class='ocr_line' id='line_1_125' title="bbox 1229 5557 2041 5624; baseline 0 -14"><span class='ocrx_word' id='word_1_998' title='bbox 1229 5559 1325 5624; x_wconf 85' lang='lat' dir='ltr'>scripta</span> <span class='ocrx_word' id='word_1_999' title='bbox 1343 5571 1414 5612; x_wconf 83' lang='lat' dir='ltr'>certa</span> <span class='ocrx_word' id='word_1_1000' title='bbox 1432 5557 1516 5613; x_wconf 80' lang='lat' dir='ltr'>forma</span> <span class='ocrx_word' id='word_1_1001' title='bbox 1535 5558 1667 5612; x_wconf 82' lang='lat' dir='ltr'>exsnainis</span> <span class='ocrx_word' id='word_1_1002' title='bbox 1685 5571 1863 5622; x_wconf 81' lang='lat' dir='ltr'>assessorum,</span> <span class='ocrx_word' id='word_1_1003' title='bbox 1882 5557 1928 5610; x_wconf 78' lang='lat' dir='ltr'>seri</span> <span class='ocrx_word' id='word_1_1004' title='bbox 1958 5560 2001 5610; x_wconf 83' lang='lat' dir='ltr'>six</span> <span class='ocrx_word' id='word_1_1005' title='bbox 2019 5576 2041 5610; x_wconf 89' lang='lat' dir='ltr'>e·</span> 
     </span>
     <span class='ocr_line' id='line_1_126' title="bbox 1228 5627 2088 5715; baseline 0.007 -27"><span class='ocrx_word' id='word_1_1006' title='bbox 1228 5642 1341 5708; x_wconf 84' lang='lat' dir='ltr'>jusmodi</span> <span class='ocrx_word' id='word_1_1007' title='bbox 1360 5643 1540 5696; x_wconf 74' lang='lat' dir='ltr'>obsecrantur.</span> <span class='ocrx_word' id='word_1_1008' title='bbox 1559 5641 1591 5693; x_wconf 85' lang='lat' dir='ltr'>Et</span> <span class='ocrx_word' id='word_1_1009' title='bbox 1612 5653 1745 5712; x_wconf 83' lang='lat' dir='ltr'>recepturo</span> <span class='ocrx_word' id='word_1_1010' title='bbox 1765 5643 1949 5715; x_wconf 61' lang='lat' dir='ltr'>plerorumque</span> <span class='ocrx_word' id='word_1_1011' title='bbox 1980 5627 2088 5704; x_wconf 68' lang='lat' dir='ltr'>indii⁵⁰</span> 
     </span>
    </p>
   </div>
   <div class='ocr_carea' id='block_1_6' title="bbox 365 5721 2045 5794">
    <p class='ocr_par' dir='ltr' id='par_1_6' title="bbox 365 5721 2045 5794">
     <span class='ocr_line' id='line_1_127' title="bbox 365 5721 2045 5794; baseline 0.004 -20"><span class='ocrx_word' id='word_1_1012' title='bbox 365 5723 432 5774; x_wconf 90' lang='lat' dir='ltr'>annii</span> <span class='ocrx_word' id='word_1_1013' title='bbox 451 5721 558 5775; x_wconf 86' lang='lat' dir='ltr'>alterius</span> <span class='ocrx_word' id='word_1_1014' title='bbox 575 5723 672 5774; x_wconf 79' lang='lat' dir='ltr'>uoliilis</span> <span class='ocrx_word' id='word_1_1015' title='bbox 691 5725 739 5776; x_wconf 90' lang='lat' dir='ltr'>siri</span> <span class='ocrx_word' id='word_1_1016' title='bbox 762 5739 868 5791; x_wconf 81' lang='lat' dir='ltr'>peregre</span> <span class='ocrx_word' id='word_1_1017' title='bbox 889 5721 999 5791; x_wconf 81' lang='lat' dir='ltr'>proiecti</span> <span class='ocrx_word' id='word_1_1018' title='bbox 1014 5723 1122 5775; x_wconf 78' lang='lat' dir='ltr'>uxorenl</span> <span class='ocrx_word' id='word_1_1019' title='bbox 1136 5740 1183 5793; x_wconf 90' lang='lat' dir='ltr'>per</span> <span class='ocrx_word' id='word_1_1020' title='bbox 1231 5728 1331 5786; x_wconf 77' lang='lat' dir='ltr'>ciorum</span> <span class='ocrx_word' id='word_1_1021' title='bbox 1346 5727 1502 5784; x_wconf 76' lang='lat' dir='ltr'>inferiorum</span> <span class='ocrx_word' id='word_1_1022' title='bbox 1516 5745 1628 5788; x_wconf 80' lang='lat' dir='ltr'>moreni,</span> <span class='ocrx_word' id='word_1_1023' title='bbox 1648 5741 1672 5781; x_wconf 92' lang='lat' dir='ltr'>ut</span> <span class='ocrx_word' id='word_1_1024' title='bbox 1693 5728 1800 5780; x_wconf 74' lang='lat' dir='ltr'>scabini</span> <span class='ocrx_word' id='word_1_1025' title='bbox 1827 5727 1994 5794; x_wconf 83' lang='lat' dir='ltr'>snalphabeti</span> <span class='ocrx_word' id='word_1_1026' title='bbox 2013 5726 2045 5778; x_wconf 82' lang='lat' dir='ltr'>de</span> 
     </span>
    </p>
   </div>
   <div class='ocr_carea' id='block_1_7' title="bbox 364 5805 1181 5882">
    <p class='ocr_par' dir='ltr' id='par_1_7' title="bbox 364 5805 1181 5882">
     <span class='ocr_line' id='line_1_128' title="bbox 364 5805 1181 5882; baseline 0.005 -22"><span class='ocrx_word' id='word_1_1027' title='bbox 364 5807 418 5860; x_wconf 85' lang='lat' dir='ltr'>siin</span> <span class='ocrx_word' id='word_1_1028' title='bbox 438 5813 580 5882; x_wconf 61' lang='lat' dir='ltr'>stupraretp</span> <span class='ocrx_word' id='word_1_1029' title='bbox 598 5805 694 5864; x_wconf 82' lang='lat' dir='ltr'>snulier</span> <span class='ocrx_word' id='word_1_1030' title='bbox 715 5809 810 5868; x_wconf 76' lang='lat' dir='ltr'>nutrito</span> <span class='ocrx_word' id='word_1_1031' title='bbox 829 5823 933 5862; x_wconf 72' lang='lat' dir='ltr'>reverso</span> <span class='ocrx_word' id='word_1_1032' title='bbox 950 5808 1002 5862; x_wconf 74' lang='lat' dir='ltr'>sin</span> <span class='ocrx_word' id='word_1_1033' title='bbox 1022 5806 1073 5862; x_wconf 85' lang='lat' dir='ltr'>sibi</span> <span class='ocrx_word' id='word_1_1034' title='bbox 1089 5807 1181 5864; x_wconf 84' lang='lat' dir='ltr'>iactam</span> 
     </span>
    </p>
   </div>
   <div class='ocr_carea' id='block_1_8' title="bbox 1231 5797 2043 5883">
    <p class='ocr_par' dir='ltr' id='par_1_8' title="bbox 1231 5797 2043 5883">
     <span class='ocr_line' id='line_1_129' title="bbox 1231 5797 2043 5883; baseline -0.005 -19"><span class='ocrx_word' id='word_1_1035' title='bbox 1231 5812 1323 5870; x_wconf 86' lang='lat' dir='ltr'>litibus</span> <span class='ocrx_word' id='word_1_1036' title='bbox 1341 5825 1510 5883; x_wconf 84' lang='lat' dir='ltr'>cognoscant,</span> <span class='ocrx_word' id='word_1_1037' title='bbox 1528 5813 1573 5882; x_wconf 92' lang='lat' dir='ltr'>qui</span> <span class='ocrx_word' id='word_1_1038' title='bbox 1594 5821 1701 5882; x_wconf 86' lang='lat' dir='ltr'>praeter</span> <span class='ocrx_word' id='word_1_1039' title='bbox 1720 5811 1832 5866; x_wconf 87' lang='lat' dir='ltr'>delectus</span> <span class='ocrx_word' id='word_1_1040' title='bbox 1851 5813 1923 5868; x_wconf 88' lang='lat' dir='ltr'>aselli</span> <span class='ocrx_word' id='word_1_1041' title='bbox 1942 5829 1986 5865; x_wconf 90' lang='lat' dir='ltr'>are</span> <span class='ocrx_word' id='word_1_1042' title='bbox 2004 5797 2043 5861; x_wconf 67' lang='grc' dir='ltr'>1ιέ</span> 
     </span>
    </p>
   </div>
   <div class='ocr_carea' id='block_1_9' title="bbox 0 92 2239 6212">
    <p class='ocr_par' dir='ltr' id='par_1_9' title="bbox 0 92 2239 6212">
     <span class='ocr_line' id='line_1_130' title="bbox 0 92 2239 6212; baseline 0 0"><span class='ocrx_word' id='word_1_1043' title='bbox 0 92 2239 6212; x_wconf 95' lang='lat' dir='ltr'> </span> 
     </span>
    </p>
   </div>
  </div>
 </body>
</html>
